%YAML 1.1
%TAG !u! tag:unity3d.com,2011:
--- !u!1 &2702697369122402771
GameObject:
  m_ObjectHideFlags: 0
  m_CorrespondingSourceObject: {fileID: 0}
  m_PrefabInstance: {fileID: 0}
  m_PrefabAsset: {fileID: 0}
  serializedVersion: 6
  m_Component:
  - component: {fileID: 2702697369122402770}
  - component: {fileID: 2702697369122402773}
  m_Layer: 0
  m_Name: seesaw6
  m_TagString: Untagged
  m_Icon: {fileID: 0}
  m_NavMeshLayer: 0
  m_StaticEditorFlags: 0
  m_IsActive: 1
--- !u!4 &2702697369122402770
Transform:
  m_ObjectHideFlags: 0
  m_CorrespondingSourceObject: {fileID: 0}
  m_PrefabInstance: {fileID: 0}
  m_PrefabAsset: {fileID: 0}
  m_GameObject: {fileID: 2702697369122402771}
  m_LocalRotation: {x: 0, y: 0, z: 0, w: 1}
  m_LocalPosition: {x: 0, y: 12.9, z: -63.4}
  m_LocalScale: {x: 1, y: 1, z: 1}
  m_Children:
  - {fileID: 4505467601282889674}
  - {fileID: 2702697369700721786}
  - {fileID: 2702697369505819088}
  - {fileID: 7268402722917520232}
  - {fileID: 5765272334663296688}
  - {fileID: 2702697370233283880}
  m_Father: {fileID: 0}
  m_RootOrder: 0
  m_LocalEulerAnglesHint: {x: 0, y: 0, z: 0}
--- !u!114 &2702697369122402773
MonoBehaviour:
  m_ObjectHideFlags: 0
  m_CorrespondingSourceObject: {fileID: 0}
  m_PrefabInstance: {fileID: 0}
  m_PrefabAsset: {fileID: 0}
  m_GameObject: {fileID: 2702697369122402771}
  m_Enabled: 1
  m_EditorHideFlags: 0
  m_Script: {fileID: 11500000, guid: 02d10cfaf94e75c45a391790dc3b267b, type: 3}
  m_Name: 
  m_EditorClassIdentifier: 
  _angleDifference: 1
  _changeDuration: 1
  _travelSpeed: 100
  _totalVectorMultiplier: 1
  _breakMagnitude: 12
  _breakForceMultiplier: 1
  _maxMagnitudeToWin: 0.15
  _maxStackedCubeCount: 3
  Places: []
--- !u!1 &2702697369505819089
GameObject:
  m_ObjectHideFlags: 0
  m_CorrespondingSourceObject: {fileID: 0}
  m_PrefabInstance: {fileID: 0}
  m_PrefabAsset: {fileID: 0}
  serializedVersion: 6
  m_Component:
  - component: {fileID: 2702697369505819088}
  - component: {fileID: 2702697369505819091}
  m_Layer: 0
  m_Name: WeightItemPlaceLeft
  m_TagString: Untagged
  m_Icon: {fileID: 0}
  m_NavMeshLayer: 0
  m_StaticEditorFlags: 0
  m_IsActive: 1
--- !u!4 &2702697369505819088
Transform:
  m_ObjectHideFlags: 0
  m_CorrespondingSourceObject: {fileID: 0}
  m_PrefabInstance: {fileID: 0}
  m_PrefabAsset: {fileID: 0}
  m_GameObject: {fileID: 2702697369505819089}
  m_LocalRotation: {x: 0, y: 0, z: 0, w: 1}
  m_LocalPosition: {x: -14.6, y: 0, z: 0}
  m_LocalScale: {x: 1, y: 1, z: 1}
  m_Children:
  - {fileID: 5188680478550391926}
  m_Father: {fileID: 2702697369122402770}
  m_RootOrder: 2
  m_LocalEulerAnglesHint: {x: 0, y: 0, z: 0}
--- !u!114 &2702697369505819091
MonoBehaviour:
  m_ObjectHideFlags: 0
  m_CorrespondingSourceObject: {fileID: 0}
  m_PrefabInstance: {fileID: 0}
  m_PrefabAsset: {fileID: 0}
  m_GameObject: {fileID: 2702697369505819089}
  m_Enabled: 1
  m_EditorHideFlags: 0
  m_Script: {fileID: 11500000, guid: 9e467f3bde42a984889251a470433551, type: 3}
  m_Name: 
  m_EditorClassIdentifier: 
  Stacks: []
--- !u!1 &2702697369700721787
GameObject:
  m_ObjectHideFlags: 0
  m_CorrespondingSourceObject: {fileID: 0}
  m_PrefabInstance: {fileID: 0}
  m_PrefabAsset: {fileID: 0}
  serializedVersion: 6
  m_Component:
  - component: {fileID: 2702697369700721786}
  - component: {fileID: 2702697369700721789}
  m_Layer: 0
  m_Name: WeightItemPlaceRight
  m_TagString: Untagged
  m_Icon: {fileID: 0}
  m_NavMeshLayer: 0
  m_StaticEditorFlags: 0
  m_IsActive: 1
--- !u!4 &2702697369700721786
Transform:
  m_ObjectHideFlags: 0
  m_CorrespondingSourceObject: {fileID: 0}
  m_PrefabInstance: {fileID: 0}
  m_PrefabAsset: {fileID: 0}
  m_GameObject: {fileID: 2702697369700721787}
  m_LocalRotation: {x: 0, y: 0, z: 0, w: 1}
  m_LocalPosition: {x: 14.6, y: 0, z: 0}
  m_LocalScale: {x: 1, y: 1, z: 1}
  m_Children:
  - {fileID: 8294851628779190706}
  m_Father: {fileID: 2702697369122402770}
  m_RootOrder: 1
  m_LocalEulerAnglesHint: {x: 0, y: 0, z: 0}
--- !u!114 &2702697369700721789
MonoBehaviour:
  m_ObjectHideFlags: 0
  m_CorrespondingSourceObject: {fileID: 0}
  m_PrefabInstance: {fileID: 0}
  m_PrefabAsset: {fileID: 0}
  m_GameObject: {fileID: 2702697369700721787}
  m_Enabled: 1
  m_EditorHideFlags: 0
  m_Script: {fileID: 11500000, guid: 9e467f3bde42a984889251a470433551, type: 3}
  m_Name: 
  m_EditorClassIdentifier: 
  Stacks: []
--- !u!1 &2702697370233283881
GameObject:
  m_ObjectHideFlags: 0
  m_CorrespondingSourceObject: {fileID: 0}
  m_PrefabInstance: {fileID: 0}
  m_PrefabAsset: {fileID: 0}
  serializedVersion: 6
  m_Component:
  - component: {fileID: 2702697370233283880}
  m_Layer: 0
  m_Name: Cubes
  m_TagString: Untagged
  m_Icon: {fileID: 0}
  m_NavMeshLayer: 0
  m_StaticEditorFlags: 0
  m_IsActive: 1
--- !u!4 &2702697370233283880
Transform:
  m_ObjectHideFlags: 0
  m_CorrespondingSourceObject: {fileID: 0}
  m_PrefabInstance: {fileID: 0}
  m_PrefabAsset: {fileID: 0}
  m_GameObject: {fileID: 2702697370233283881}
  m_LocalRotation: {x: 0, y: 0, z: 0, w: 1}
  m_LocalPosition: {x: 0, y: 0, z: 0}
  m_LocalScale: {x: 1, y: 1, z: 1}
  m_Children:
  - {fileID: 4171723834864436702}
  - {fileID: 2853346903616761896}
  - {fileID: 3568922864840773068}
  - {fileID: 2801939370595659199}
  - {fileID: 2708871207729494313}
  - {fileID: 7471819465428249875}
  - {fileID: 8182494790329612985}
  - {fileID: 6402932225359385066}
  m_Father: {fileID: 2702697369122402770}
  m_RootOrder: 5
  m_LocalEulerAnglesHint: {x: 0, y: 0, z: 0}
--- !u!1 &3663955220809260484
GameObject:
  m_ObjectHideFlags: 0
  m_CorrespondingSourceObject: {fileID: 0}
  m_PrefabInstance: {fileID: 0}
  m_PrefabAsset: {fileID: 0}
  serializedVersion: 6
  m_Component:
  - component: {fileID: 5765272334663296688}
  - component: {fileID: 8664007804219904246}
  m_Layer: 0
  m_Name: WeightItemPlaceFront
  m_TagString: Untagged
  m_Icon: {fileID: 0}
  m_NavMeshLayer: 0
  m_StaticEditorFlags: 0
  m_IsActive: 1
--- !u!4 &5765272334663296688
Transform:
  m_ObjectHideFlags: 0
  m_CorrespondingSourceObject: {fileID: 0}
  m_PrefabInstance: {fileID: 0}
  m_PrefabAsset: {fileID: 0}
  m_GameObject: {fileID: 3663955220809260484}
  m_LocalRotation: {x: 0, y: 0, z: 0, w: 1}
  m_LocalPosition: {x: -5.8, y: 0, z: 16.9}
  m_LocalScale: {x: 1, y: 1, z: 1}
  m_Children:
  - {fileID: 6735330137967424051}
  m_Father: {fileID: 2702697369122402770}
  m_RootOrder: 4
  m_LocalEulerAnglesHint: {x: 0, y: 0, z: 0}
--- !u!114 &8664007804219904246
MonoBehaviour:
  m_ObjectHideFlags: 0
  m_CorrespondingSourceObject: {fileID: 0}
  m_PrefabInstance: {fileID: 0}
  m_PrefabAsset: {fileID: 0}
  m_GameObject: {fileID: 3663955220809260484}
  m_Enabled: 1
  m_EditorHideFlags: 0
  m_Script: {fileID: 11500000, guid: 9e467f3bde42a984889251a470433551, type: 3}
  m_Name: 
  m_EditorClassIdentifier: 
  Stacks: []
--- !u!64 &4558614743482561335
MeshCollider:
  m_ObjectHideFlags: 0
  m_CorrespondingSourceObject: {fileID: 0}
  m_PrefabInstance: {fileID: 0}
  m_PrefabAsset: {fileID: 0}
  m_GameObject: {fileID: 5887330455214322349}
  m_Material: {fileID: 13400000, guid: 241dc895533a4b744a32f444b25f2501, type: 2}
  m_IsTrigger: 0
  m_Enabled: 1
  serializedVersion: 4
  m_Convex: 0
  m_CookingOptions: 30
  m_Mesh: {fileID: -3099183463934272234, guid: 4244b4252a97664468a25be195107933, type: 3}
--- !u!1 &7577285206367810358
GameObject:
  m_ObjectHideFlags: 0
  m_CorrespondingSourceObject: {fileID: 0}
  m_PrefabInstance: {fileID: 0}
  m_PrefabAsset: {fileID: 0}
  serializedVersion: 6
  m_Component:
  - component: {fileID: 7268402722917520232}
  - component: {fileID: 5093181511537422966}
  m_Layer: 0
  m_Name: WeightItemPlaceBack
  m_TagString: Untagged
  m_Icon: {fileID: 0}
  m_NavMeshLayer: 0
  m_StaticEditorFlags: 0
  m_IsActive: 1
--- !u!4 &7268402722917520232
Transform:
  m_ObjectHideFlags: 0
  m_CorrespondingSourceObject: {fileID: 0}
  m_PrefabInstance: {fileID: 0}
  m_PrefabAsset: {fileID: 0}
  m_GameObject: {fileID: 7577285206367810358}
  m_LocalRotation: {x: 0, y: 0, z: 0, w: 1}
  m_LocalPosition: {x: -5.8, y: 0, z: -17.8}
  m_LocalScale: {x: 1, y: 1, z: 1}
  m_Children:
  - {fileID: 8800274338001542920}
  m_Father: {fileID: 2702697369122402770}
  m_RootOrder: 3
  m_LocalEulerAnglesHint: {x: 0, y: 0, z: 0}
--- !u!114 &5093181511537422966
MonoBehaviour:
  m_ObjectHideFlags: 0
  m_CorrespondingSourceObject: {fileID: 0}
  m_PrefabInstance: {fileID: 0}
  m_PrefabAsset: {fileID: 0}
  m_GameObject: {fileID: 7577285206367810358}
  m_Enabled: 1
  m_EditorHideFlags: 0
  m_Script: {fileID: 11500000, guid: 9e467f3bde42a984889251a470433551, type: 3}
  m_Name: 
  m_EditorClassIdentifier: 
  Stacks: []
--- !u!1001 &14903486077793662
PrefabInstance:
  m_ObjectHideFlags: 0
  serializedVersion: 2
  m_Modification:
    m_TransformParent: {fileID: 2702697369505819088}
    m_Modifications:
    - target: {fileID: 5203091074161772808, guid: 4eb5334f683d0714db7bc3ee890336a9,
        type: 3}
      propertyPath: m_LocalPosition.x
      value: -4.5
      objectReference: {fileID: 0}
    - target: {fileID: 5203091074161772808, guid: 4eb5334f683d0714db7bc3ee890336a9,
        type: 3}
      propertyPath: m_LocalPosition.y
      value: 3.29
      objectReference: {fileID: 0}
    - target: {fileID: 5203091074161772808, guid: 4eb5334f683d0714db7bc3ee890336a9,
        type: 3}
      propertyPath: m_LocalPosition.z
      value: 0
      objectReference: {fileID: 0}
    - target: {fileID: 5203091074161772808, guid: 4eb5334f683d0714db7bc3ee890336a9,
        type: 3}
      propertyPath: m_LocalRotation.x
      value: -0
      objectReference: {fileID: 0}
    - target: {fileID: 5203091074161772808, guid: 4eb5334f683d0714db7bc3ee890336a9,
        type: 3}
      propertyPath: m_LocalRotation.y
      value: -0
      objectReference: {fileID: 0}
    - target: {fileID: 5203091074161772808, guid: 4eb5334f683d0714db7bc3ee890336a9,
        type: 3}
      propertyPath: m_LocalRotation.z
      value: -0
      objectReference: {fileID: 0}
    - target: {fileID: 5203091074161772808, guid: 4eb5334f683d0714db7bc3ee890336a9,
        type: 3}
      propertyPath: m_LocalRotation.w
      value: 1
      objectReference: {fileID: 0}
    - target: {fileID: 5203091074161772808, guid: 4eb5334f683d0714db7bc3ee890336a9,
        type: 3}
      propertyPath: m_RootOrder
      value: 0
      objectReference: {fileID: 0}
    - target: {fileID: 5203091074161772808, guid: 4eb5334f683d0714db7bc3ee890336a9,
        type: 3}
      propertyPath: m_LocalEulerAnglesHint.x
      value: 0
      objectReference: {fileID: 0}
    - target: {fileID: 5203091074161772808, guid: 4eb5334f683d0714db7bc3ee890336a9,
        type: 3}
      propertyPath: m_LocalEulerAnglesHint.y
      value: 0
      objectReference: {fileID: 0}
    - target: {fileID: 5203091074161772808, guid: 4eb5334f683d0714db7bc3ee890336a9,
        type: 3}
      propertyPath: m_LocalEulerAnglesHint.z
      value: 0
      objectReference: {fileID: 0}
    - target: {fileID: 5203091074161772809, guid: 4eb5334f683d0714db7bc3ee890336a9,
        type: 3}
      propertyPath: m_Size.z
      value: 26.82
      objectReference: {fileID: 0}
    - target: {fileID: 5203091074161772811, guid: 4eb5334f683d0714db7bc3ee890336a9,
        type: 3}
      propertyPath: m_Name
      value: WeightItemStack (3)
      objectReference: {fileID: 0}
    - target: {fileID: 5203091074161772814, guid: 4eb5334f683d0714db7bc3ee890336a9,
        type: 3}
      propertyPath: WeightCubes.Array.size
      value: 2
      objectReference: {fileID: 0}
    - target: {fileID: 5203091074161772814, guid: 4eb5334f683d0714db7bc3ee890336a9,
        type: 3}
      propertyPath: WeightCubes.Array.data[0]
      value: 
      objectReference: {fileID: 3568922864840772659}
    - target: {fileID: 5203091074161772814, guid: 4eb5334f683d0714db7bc3ee890336a9,
        type: 3}
      propertyPath: WeightCubes.Array.data[1]
      value: 
      objectReference: {fileID: 2801939370595658816}
    - target: {fileID: 5203091074161772814, guid: 4eb5334f683d0714db7bc3ee890336a9,
        type: 3}
      propertyPath: _rotateAmount.z
      value: 1
      objectReference: {fileID: 0}
    - target: {fileID: 5203091074161772814, guid: 4eb5334f683d0714db7bc3ee890336a9,
        type: 3}
      propertyPath: WeightCubes.Array.data[2]
      value: 
      objectReference: {fileID: 0}
    m_RemovedComponents: []
  m_SourcePrefab: {fileID: 100100000, guid: 4eb5334f683d0714db7bc3ee890336a9, type: 3}
--- !u!4 &5188680478550391926 stripped
Transform:
  m_CorrespondingSourceObject: {fileID: 5203091074161772808, guid: 4eb5334f683d0714db7bc3ee890336a9,
    type: 3}
  m_PrefabInstance: {fileID: 14903486077793662}
  m_PrefabAsset: {fileID: 0}
--- !u!1001 &622046810326769759
PrefabInstance:
  m_ObjectHideFlags: 0
  serializedVersion: 2
  m_Modification:
    m_TransformParent: {fileID: 2702697370233283880}
    m_Modifications:
    - target: {fileID: 3333659074766572575, guid: 7f160c4e78c37dc44aec02aaa7aab321,
        type: 3}
      propertyPath: _colorId
      value: 4
      objectReference: {fileID: 0}
    - target: {fileID: 3333659074766573024, guid: 7f160c4e78c37dc44aec02aaa7aab321,
        type: 3}
      propertyPath: m_LocalPosition.x
      value: 4.6000004
      objectReference: {fileID: 0}
    - target: {fileID: 3333659074766573024, guid: 7f160c4e78c37dc44aec02aaa7aab321,
        type: 3}
      propertyPath: m_LocalPosition.y
      value: 5
      objectReference: {fileID: 0}
    - target: {fileID: 3333659074766573024, guid: 7f160c4e78c37dc44aec02aaa7aab321,
        type: 3}
      propertyPath: m_LocalPosition.z
      value: 16.8
      objectReference: {fileID: 0}
    - target: {fileID: 3333659074766573024, guid: 7f160c4e78c37dc44aec02aaa7aab321,
        type: 3}
      propertyPath: m_LocalRotation.x
      value: -0
      objectReference: {fileID: 0}
    - target: {fileID: 3333659074766573024, guid: 7f160c4e78c37dc44aec02aaa7aab321,
        type: 3}
      propertyPath: m_LocalRotation.y
      value: -0
      objectReference: {fileID: 0}
    - target: {fileID: 3333659074766573024, guid: 7f160c4e78c37dc44aec02aaa7aab321,
        type: 3}
      propertyPath: m_LocalRotation.z
      value: -0
      objectReference: {fileID: 0}
    - target: {fileID: 3333659074766573024, guid: 7f160c4e78c37dc44aec02aaa7aab321,
        type: 3}
      propertyPath: m_LocalRotation.w
      value: 1
      objectReference: {fileID: 0}
    - target: {fileID: 3333659074766573024, guid: 7f160c4e78c37dc44aec02aaa7aab321,
        type: 3}
      propertyPath: m_RootOrder
      value: 3
      objectReference: {fileID: 0}
    - target: {fileID: 3333659074766573024, guid: 7f160c4e78c37dc44aec02aaa7aab321,
        type: 3}
      propertyPath: m_LocalEulerAnglesHint.x
      value: 0
      objectReference: {fileID: 0}
    - target: {fileID: 3333659074766573024, guid: 7f160c4e78c37dc44aec02aaa7aab321,
        type: 3}
      propertyPath: m_LocalEulerAnglesHint.y
      value: 0
      objectReference: {fileID: 0}
    - target: {fileID: 3333659074766573024, guid: 7f160c4e78c37dc44aec02aaa7aab321,
        type: 3}
      propertyPath: m_LocalEulerAnglesHint.z
      value: 0
      objectReference: {fileID: 0}
    - target: {fileID: 3333659074766573025, guid: 7f160c4e78c37dc44aec02aaa7aab321,
        type: 3}
      propertyPath: m_Name
      value: Cube (11)
      objectReference: {fileID: 0}
    m_RemovedComponents: []
  m_SourcePrefab: {fileID: 100100000, guid: 7f160c4e78c37dc44aec02aaa7aab321, type: 3}
--- !u!114 &2801939370595658816 stripped
MonoBehaviour:
  m_CorrespondingSourceObject: {fileID: 3333659074766572575, guid: 7f160c4e78c37dc44aec02aaa7aab321,
    type: 3}
  m_PrefabInstance: {fileID: 622046810326769759}
  m_PrefabAsset: {fileID: 0}
  m_GameObject: {fileID: 0}
  m_Enabled: 1
  m_EditorHideFlags: 0
  m_Script: {fileID: 11500000, guid: 1753348002b07884f8e24f7c59cbdd65, type: 3}
  m_Name: 
  m_EditorClassIdentifier: 
--- !u!4 &2801939370595659199 stripped
Transform:
  m_CorrespondingSourceObject: {fileID: 3333659074766573024, guid: 7f160c4e78c37dc44aec02aaa7aab321,
    type: 3}
  m_PrefabInstance: {fileID: 622046810326769759}
  m_PrefabAsset: {fileID: 0}
--- !u!1001 &710045506187935176
PrefabInstance:
  m_ObjectHideFlags: 0
  serializedVersion: 2
  m_Modification:
    m_TransformParent: {fileID: 2702697370233283880}
    m_Modifications:
    - target: {fileID: 3333659074766572575, guid: 7f160c4e78c37dc44aec02aaa7aab321,
        type: 3}
      propertyPath: _colorId
      value: 2
      objectReference: {fileID: 0}
    - target: {fileID: 3333659074766573024, guid: 7f160c4e78c37dc44aec02aaa7aab321,
        type: 3}
      propertyPath: m_LocalPosition.x
      value: 4.6000004
      objectReference: {fileID: 0}
    - target: {fileID: 3333659074766573024, guid: 7f160c4e78c37dc44aec02aaa7aab321,
        type: 3}
      propertyPath: m_LocalPosition.y
      value: 5
      objectReference: {fileID: 0}
    - target: {fileID: 3333659074766573024, guid: 7f160c4e78c37dc44aec02aaa7aab321,
        type: 3}
      propertyPath: m_LocalPosition.z
      value: 16.8
      objectReference: {fileID: 0}
    - target: {fileID: 3333659074766573024, guid: 7f160c4e78c37dc44aec02aaa7aab321,
        type: 3}
      propertyPath: m_LocalRotation.x
      value: -0
      objectReference: {fileID: 0}
    - target: {fileID: 3333659074766573024, guid: 7f160c4e78c37dc44aec02aaa7aab321,
        type: 3}
      propertyPath: m_LocalRotation.y
      value: -0
      objectReference: {fileID: 0}
    - target: {fileID: 3333659074766573024, guid: 7f160c4e78c37dc44aec02aaa7aab321,
        type: 3}
      propertyPath: m_LocalRotation.z
      value: -0
      objectReference: {fileID: 0}
    - target: {fileID: 3333659074766573024, guid: 7f160c4e78c37dc44aec02aaa7aab321,
        type: 3}
      propertyPath: m_LocalRotation.w
      value: 1
      objectReference: {fileID: 0}
    - target: {fileID: 3333659074766573024, guid: 7f160c4e78c37dc44aec02aaa7aab321,
        type: 3}
      propertyPath: m_RootOrder
      value: 1
      objectReference: {fileID: 0}
    - target: {fileID: 3333659074766573024, guid: 7f160c4e78c37dc44aec02aaa7aab321,
        type: 3}
      propertyPath: m_LocalEulerAnglesHint.x
      value: 0
      objectReference: {fileID: 0}
    - target: {fileID: 3333659074766573024, guid: 7f160c4e78c37dc44aec02aaa7aab321,
        type: 3}
      propertyPath: m_LocalEulerAnglesHint.y
      value: 0
      objectReference: {fileID: 0}
    - target: {fileID: 3333659074766573024, guid: 7f160c4e78c37dc44aec02aaa7aab321,
        type: 3}
      propertyPath: m_LocalEulerAnglesHint.z
      value: 0
      objectReference: {fileID: 0}
    - target: {fileID: 3333659074766573025, guid: 7f160c4e78c37dc44aec02aaa7aab321,
        type: 3}
      propertyPath: m_Name
      value: Cube (9)
      objectReference: {fileID: 0}
    m_RemovedComponents: []
  m_SourcePrefab: {fileID: 100100000, guid: 7f160c4e78c37dc44aec02aaa7aab321, type: 3}
--- !u!4 &2853346903616761896 stripped
Transform:
  m_CorrespondingSourceObject: {fileID: 3333659074766573024, guid: 7f160c4e78c37dc44aec02aaa7aab321,
    type: 3}
  m_PrefabInstance: {fileID: 710045506187935176}
  m_PrefabAsset: {fileID: 0}
--- !u!114 &2853346903616762327 stripped
MonoBehaviour:
  m_CorrespondingSourceObject: {fileID: 3333659074766572575, guid: 7f160c4e78c37dc44aec02aaa7aab321,
    type: 3}
  m_PrefabInstance: {fileID: 710045506187935176}
  m_PrefabAsset: {fileID: 0}
  m_GameObject: {fileID: 0}
  m_Enabled: 1
  m_EditorHideFlags: 0
  m_Script: {fileID: 11500000, guid: 1753348002b07884f8e24f7c59cbdd65, type: 3}
  m_Name: 
  m_EditorClassIdentifier: 
--- !u!1001 &852395593912808649
PrefabInstance:
  m_ObjectHideFlags: 0
  serializedVersion: 2
  m_Modification:
    m_TransformParent: {fileID: 2702697370233283880}
    m_Modifications:
    - target: {fileID: 3333659074766572575, guid: 7f160c4e78c37dc44aec02aaa7aab321,
        type: 3}
      propertyPath: _colorId
      value: 1
      objectReference: {fileID: 0}
    - target: {fileID: 3333659074766573024, guid: 7f160c4e78c37dc44aec02aaa7aab321,
        type: 3}
      propertyPath: m_LocalPosition.x
      value: 4.6000004
      objectReference: {fileID: 0}
    - target: {fileID: 3333659074766573024, guid: 7f160c4e78c37dc44aec02aaa7aab321,
        type: 3}
      propertyPath: m_LocalPosition.y
      value: 5
      objectReference: {fileID: 0}
    - target: {fileID: 3333659074766573024, guid: 7f160c4e78c37dc44aec02aaa7aab321,
        type: 3}
      propertyPath: m_LocalPosition.z
      value: 16.8
      objectReference: {fileID: 0}
    - target: {fileID: 3333659074766573024, guid: 7f160c4e78c37dc44aec02aaa7aab321,
        type: 3}
      propertyPath: m_LocalRotation.x
      value: -0
      objectReference: {fileID: 0}
    - target: {fileID: 3333659074766573024, guid: 7f160c4e78c37dc44aec02aaa7aab321,
        type: 3}
      propertyPath: m_LocalRotation.y
      value: -0
      objectReference: {fileID: 0}
    - target: {fileID: 3333659074766573024, guid: 7f160c4e78c37dc44aec02aaa7aab321,
        type: 3}
      propertyPath: m_LocalRotation.z
      value: -0
      objectReference: {fileID: 0}
    - target: {fileID: 3333659074766573024, guid: 7f160c4e78c37dc44aec02aaa7aab321,
        type: 3}
      propertyPath: m_LocalRotation.w
      value: 1
      objectReference: {fileID: 0}
    - target: {fileID: 3333659074766573024, guid: 7f160c4e78c37dc44aec02aaa7aab321,
        type: 3}
      propertyPath: m_RootOrder
      value: 4
      objectReference: {fileID: 0}
    - target: {fileID: 3333659074766573024, guid: 7f160c4e78c37dc44aec02aaa7aab321,
        type: 3}
      propertyPath: m_LocalEulerAnglesHint.x
      value: 0
      objectReference: {fileID: 0}
    - target: {fileID: 3333659074766573024, guid: 7f160c4e78c37dc44aec02aaa7aab321,
        type: 3}
      propertyPath: m_LocalEulerAnglesHint.y
      value: 0
      objectReference: {fileID: 0}
    - target: {fileID: 3333659074766573024, guid: 7f160c4e78c37dc44aec02aaa7aab321,
        type: 3}
      propertyPath: m_LocalEulerAnglesHint.z
      value: 0
      objectReference: {fileID: 0}
    - target: {fileID: 3333659074766573025, guid: 7f160c4e78c37dc44aec02aaa7aab321,
        type: 3}
      propertyPath: m_Name
      value: Cube (12)
      objectReference: {fileID: 0}
    m_RemovedComponents: []
  m_SourcePrefab: {fileID: 100100000, guid: 7f160c4e78c37dc44aec02aaa7aab321, type: 3}
--- !u!4 &2708871207729494313 stripped
Transform:
  m_CorrespondingSourceObject: {fileID: 3333659074766573024, guid: 7f160c4e78c37dc44aec02aaa7aab321,
    type: 3}
  m_PrefabInstance: {fileID: 852395593912808649}
  m_PrefabAsset: {fileID: 0}
--- !u!114 &2708871207729494230 stripped
MonoBehaviour:
  m_CorrespondingSourceObject: {fileID: 3333659074766572575, guid: 7f160c4e78c37dc44aec02aaa7aab321,
    type: 3}
  m_PrefabInstance: {fileID: 852395593912808649}
  m_PrefabAsset: {fileID: 0}
  m_GameObject: {fileID: 0}
  m_Enabled: 1
  m_EditorHideFlags: 0
  m_Script: {fileID: 11500000, guid: 1753348002b07884f8e24f7c59cbdd65, type: 3}
  m_Name: 
  m_EditorClassIdentifier: 
--- !u!1001 &1535064265422863163
PrefabInstance:
  m_ObjectHideFlags: 0
  serializedVersion: 2
  m_Modification:
    m_TransformParent: {fileID: 5765272334663296688}
    m_Modifications:
    - target: {fileID: 5203091074161772808, guid: 4eb5334f683d0714db7bc3ee890336a9,
        type: 3}
      propertyPath: m_LocalPosition.x
      value: 5.6
      objectReference: {fileID: 0}
    - target: {fileID: 5203091074161772808, guid: 4eb5334f683d0714db7bc3ee890336a9,
        type: 3}
      propertyPath: m_LocalPosition.y
      value: 3.29
      objectReference: {fileID: 0}
    - target: {fileID: 5203091074161772808, guid: 4eb5334f683d0714db7bc3ee890336a9,
        type: 3}
      propertyPath: m_LocalPosition.z
      value: 0
      objectReference: {fileID: 0}
    - target: {fileID: 5203091074161772808, guid: 4eb5334f683d0714db7bc3ee890336a9,
        type: 3}
      propertyPath: m_LocalRotation.x
      value: -0
      objectReference: {fileID: 0}
    - target: {fileID: 5203091074161772808, guid: 4eb5334f683d0714db7bc3ee890336a9,
        type: 3}
      propertyPath: m_LocalRotation.y
      value: -0
      objectReference: {fileID: 0}
    - target: {fileID: 5203091074161772808, guid: 4eb5334f683d0714db7bc3ee890336a9,
        type: 3}
      propertyPath: m_LocalRotation.z
      value: -0
      objectReference: {fileID: 0}
    - target: {fileID: 5203091074161772808, guid: 4eb5334f683d0714db7bc3ee890336a9,
        type: 3}
      propertyPath: m_LocalRotation.w
      value: 1
      objectReference: {fileID: 0}
    - target: {fileID: 5203091074161772808, guid: 4eb5334f683d0714db7bc3ee890336a9,
        type: 3}
      propertyPath: m_RootOrder
      value: 0
      objectReference: {fileID: 0}
    - target: {fileID: 5203091074161772808, guid: 4eb5334f683d0714db7bc3ee890336a9,
        type: 3}
      propertyPath: m_LocalEulerAnglesHint.x
      value: 0
      objectReference: {fileID: 0}
    - target: {fileID: 5203091074161772808, guid: 4eb5334f683d0714db7bc3ee890336a9,
        type: 3}
      propertyPath: m_LocalEulerAnglesHint.y
      value: 0
      objectReference: {fileID: 0}
    - target: {fileID: 5203091074161772808, guid: 4eb5334f683d0714db7bc3ee890336a9,
        type: 3}
      propertyPath: m_LocalEulerAnglesHint.z
      value: 0
      objectReference: {fileID: 0}
    - target: {fileID: 5203091074161772809, guid: 4eb5334f683d0714db7bc3ee890336a9,
        type: 3}
      propertyPath: m_Size.z
      value: 16.2
      objectReference: {fileID: 0}
    - target: {fileID: 5203091074161772809, guid: 4eb5334f683d0714db7bc3ee890336a9,
        type: 3}
      propertyPath: m_Size.x
      value: 19
      objectReference: {fileID: 0}
    - target: {fileID: 5203091074161772811, guid: 4eb5334f683d0714db7bc3ee890336a9,
        type: 3}
      propertyPath: m_Name
      value: WeightItemStack (3)
      objectReference: {fileID: 0}
    - target: {fileID: 5203091074161772814, guid: 4eb5334f683d0714db7bc3ee890336a9,
        type: 3}
      propertyPath: WeightCubes.Array.size
      value: 2
      objectReference: {fileID: 0}
    - target: {fileID: 5203091074161772814, guid: 4eb5334f683d0714db7bc3ee890336a9,
        type: 3}
      propertyPath: WeightCubes.Array.data[0]
      value: 
      objectReference: {fileID: 8182494790329613126}
    - target: {fileID: 5203091074161772814, guid: 4eb5334f683d0714db7bc3ee890336a9,
        type: 3}
      propertyPath: WeightCubes.Array.data[1]
      value: 
      objectReference: {fileID: 6402932225359384597}
    - target: {fileID: 5203091074161772814, guid: 4eb5334f683d0714db7bc3ee890336a9,
        type: 3}
      propertyPath: _rotateAmount.z
      value: 0
      objectReference: {fileID: 0}
    - target: {fileID: 5203091074161772814, guid: 4eb5334f683d0714db7bc3ee890336a9,
        type: 3}
      propertyPath: WeightCubes.Array.data[2]
      value: 
      objectReference: {fileID: 0}
    - target: {fileID: 5203091074161772814, guid: 4eb5334f683d0714db7bc3ee890336a9,
        type: 3}
      propertyPath: _rotateAmount.x
      value: 1
      objectReference: {fileID: 0}
    m_RemovedComponents: []
  m_SourcePrefab: {fileID: 100100000, guid: 4eb5334f683d0714db7bc3ee890336a9, type: 3}
--- !u!4 &6735330137967424051 stripped
Transform:
  m_CorrespondingSourceObject: {fileID: 5203091074161772808, guid: 4eb5334f683d0714db7bc3ee890336a9,
    type: 3}
  m_PrefabInstance: {fileID: 1535064265422863163}
  m_PrefabAsset: {fileID: 0}
--- !u!1001 &1704465113791596606
PrefabInstance:
  m_ObjectHideFlags: 0
  serializedVersion: 2
  m_Modification:
    m_TransformParent: {fileID: 2702697370233283880}
    m_Modifications:
    - target: {fileID: 3333659074766572575, guid: 7f160c4e78c37dc44aec02aaa7aab321,
        type: 3}
      propertyPath: _colorId
      value: 1
      objectReference: {fileID: 0}
    - target: {fileID: 3333659074766573024, guid: 7f160c4e78c37dc44aec02aaa7aab321,
        type: 3}
      propertyPath: m_LocalPosition.x
      value: 4.6000004
      objectReference: {fileID: 0}
    - target: {fileID: 3333659074766573024, guid: 7f160c4e78c37dc44aec02aaa7aab321,
        type: 3}
      propertyPath: m_LocalPosition.y
      value: 5
      objectReference: {fileID: 0}
    - target: {fileID: 3333659074766573024, guid: 7f160c4e78c37dc44aec02aaa7aab321,
        type: 3}
      propertyPath: m_LocalPosition.z
      value: 16.8
      objectReference: {fileID: 0}
    - target: {fileID: 3333659074766573024, guid: 7f160c4e78c37dc44aec02aaa7aab321,
        type: 3}
      propertyPath: m_LocalRotation.x
      value: -0
      objectReference: {fileID: 0}
    - target: {fileID: 3333659074766573024, guid: 7f160c4e78c37dc44aec02aaa7aab321,
        type: 3}
      propertyPath: m_LocalRotation.y
      value: -0
      objectReference: {fileID: 0}
    - target: {fileID: 3333659074766573024, guid: 7f160c4e78c37dc44aec02aaa7aab321,
        type: 3}
      propertyPath: m_LocalRotation.z
      value: -0
      objectReference: {fileID: 0}
    - target: {fileID: 3333659074766573024, guid: 7f160c4e78c37dc44aec02aaa7aab321,
        type: 3}
      propertyPath: m_LocalRotation.w
      value: 1
      objectReference: {fileID: 0}
    - target: {fileID: 3333659074766573024, guid: 7f160c4e78c37dc44aec02aaa7aab321,
        type: 3}
      propertyPath: m_RootOrder
      value: 0
      objectReference: {fileID: 0}
    - target: {fileID: 3333659074766573024, guid: 7f160c4e78c37dc44aec02aaa7aab321,
        type: 3}
      propertyPath: m_LocalEulerAnglesHint.x
      value: 0
      objectReference: {fileID: 0}
    - target: {fileID: 3333659074766573024, guid: 7f160c4e78c37dc44aec02aaa7aab321,
        type: 3}
      propertyPath: m_LocalEulerAnglesHint.y
      value: 0
      objectReference: {fileID: 0}
    - target: {fileID: 3333659074766573024, guid: 7f160c4e78c37dc44aec02aaa7aab321,
        type: 3}
      propertyPath: m_LocalEulerAnglesHint.z
      value: 0
      objectReference: {fileID: 0}
    - target: {fileID: 3333659074766573025, guid: 7f160c4e78c37dc44aec02aaa7aab321,
        type: 3}
      propertyPath: m_Name
      value: Cube (8)
      objectReference: {fileID: 0}
    m_RemovedComponents: []
  m_SourcePrefab: {fileID: 100100000, guid: 7f160c4e78c37dc44aec02aaa7aab321, type: 3}
--- !u!114 &4171723834864436257 stripped
MonoBehaviour:
  m_CorrespondingSourceObject: {fileID: 3333659074766572575, guid: 7f160c4e78c37dc44aec02aaa7aab321,
    type: 3}
  m_PrefabInstance: {fileID: 1704465113791596606}
  m_PrefabAsset: {fileID: 0}
  m_GameObject: {fileID: 0}
  m_Enabled: 1
  m_EditorHideFlags: 0
  m_Script: {fileID: 11500000, guid: 1753348002b07884f8e24f7c59cbdd65, type: 3}
  m_Name: 
  m_EditorClassIdentifier: 
--- !u!4 &4171723834864436702 stripped
Transform:
  m_CorrespondingSourceObject: {fileID: 3333659074766573024, guid: 7f160c4e78c37dc44aec02aaa7aab321,
    type: 3}
  m_PrefabInstance: {fileID: 1704465113791596606}
  m_PrefabAsset: {fileID: 0}
--- !u!1001 &2289188894964613164
PrefabInstance:
  m_ObjectHideFlags: 0
  serializedVersion: 2
  m_Modification:
    m_TransformParent: {fileID: 2702697370233283880}
    m_Modifications:
    - target: {fileID: 3333659074766572575, guid: 7f160c4e78c37dc44aec02aaa7aab321,
        type: 3}
      propertyPath: _colorId
      value: 3
      objectReference: {fileID: 0}
    - target: {fileID: 3333659074766573024, guid: 7f160c4e78c37dc44aec02aaa7aab321,
        type: 3}
      propertyPath: m_LocalPosition.x
      value: 4.6000004
      objectReference: {fileID: 0}
    - target: {fileID: 3333659074766573024, guid: 7f160c4e78c37dc44aec02aaa7aab321,
        type: 3}
      propertyPath: m_LocalPosition.y
      value: 5
      objectReference: {fileID: 0}
    - target: {fileID: 3333659074766573024, guid: 7f160c4e78c37dc44aec02aaa7aab321,
        type: 3}
      propertyPath: m_LocalPosition.z
      value: 16.8
      objectReference: {fileID: 0}
    - target: {fileID: 3333659074766573024, guid: 7f160c4e78c37dc44aec02aaa7aab321,
        type: 3}
      propertyPath: m_LocalRotation.x
      value: -0
      objectReference: {fileID: 0}
    - target: {fileID: 3333659074766573024, guid: 7f160c4e78c37dc44aec02aaa7aab321,
        type: 3}
      propertyPath: m_LocalRotation.y
      value: -0
      objectReference: {fileID: 0}
    - target: {fileID: 3333659074766573024, guid: 7f160c4e78c37dc44aec02aaa7aab321,
        type: 3}
      propertyPath: m_LocalRotation.z
      value: -0
      objectReference: {fileID: 0}
    - target: {fileID: 3333659074766573024, guid: 7f160c4e78c37dc44aec02aaa7aab321,
        type: 3}
      propertyPath: m_LocalRotation.w
      value: 1
      objectReference: {fileID: 0}
    - target: {fileID: 3333659074766573024, guid: 7f160c4e78c37dc44aec02aaa7aab321,
        type: 3}
      propertyPath: m_RootOrder
      value: 2
      objectReference: {fileID: 0}
    - target: {fileID: 3333659074766573024, guid: 7f160c4e78c37dc44aec02aaa7aab321,
        type: 3}
      propertyPath: m_LocalEulerAnglesHint.x
      value: 0
      objectReference: {fileID: 0}
    - target: {fileID: 3333659074766573024, guid: 7f160c4e78c37dc44aec02aaa7aab321,
        type: 3}
      propertyPath: m_LocalEulerAnglesHint.y
      value: 0
      objectReference: {fileID: 0}
    - target: {fileID: 3333659074766573024, guid: 7f160c4e78c37dc44aec02aaa7aab321,
        type: 3}
      propertyPath: m_LocalEulerAnglesHint.z
      value: 0
      objectReference: {fileID: 0}
    - target: {fileID: 3333659074766573025, guid: 7f160c4e78c37dc44aec02aaa7aab321,
        type: 3}
      propertyPath: m_Name
      value: Cube (10)
      objectReference: {fileID: 0}
    m_RemovedComponents: []
  m_SourcePrefab: {fileID: 100100000, guid: 7f160c4e78c37dc44aec02aaa7aab321, type: 3}
--- !u!4 &3568922864840773068 stripped
Transform:
  m_CorrespondingSourceObject: {fileID: 3333659074766573024, guid: 7f160c4e78c37dc44aec02aaa7aab321,
    type: 3}
  m_PrefabInstance: {fileID: 2289188894964613164}
  m_PrefabAsset: {fileID: 0}
--- !u!114 &3568922864840772659 stripped
MonoBehaviour:
  m_CorrespondingSourceObject: {fileID: 3333659074766572575, guid: 7f160c4e78c37dc44aec02aaa7aab321,
    type: 3}
  m_PrefabInstance: {fileID: 2289188894964613164}
  m_PrefabAsset: {fileID: 0}
  m_GameObject: {fileID: 0}
  m_Enabled: 1
  m_EditorHideFlags: 0
  m_Script: {fileID: 11500000, guid: 1753348002b07884f8e24f7c59cbdd65, type: 3}
  m_Name: 
  m_EditorClassIdentifier: 
--- !u!1001 &3609016221178680832
PrefabInstance:
  m_ObjectHideFlags: 0
  serializedVersion: 2
  m_Modification:
    m_TransformParent: {fileID: 7268402722917520232}
    m_Modifications:
    - target: {fileID: 5203091074161772808, guid: 4eb5334f683d0714db7bc3ee890336a9,
        type: 3}
      propertyPath: m_LocalPosition.x
      value: 5.6
      objectReference: {fileID: 0}
    - target: {fileID: 5203091074161772808, guid: 4eb5334f683d0714db7bc3ee890336a9,
        type: 3}
      propertyPath: m_LocalPosition.y
      value: 3.29
      objectReference: {fileID: 0}
    - target: {fileID: 5203091074161772808, guid: 4eb5334f683d0714db7bc3ee890336a9,
        type: 3}
      propertyPath: m_LocalPosition.z
      value: 0
      objectReference: {fileID: 0}
    - target: {fileID: 5203091074161772808, guid: 4eb5334f683d0714db7bc3ee890336a9,
        type: 3}
      propertyPath: m_LocalRotation.x
      value: -0
      objectReference: {fileID: 0}
    - target: {fileID: 5203091074161772808, guid: 4eb5334f683d0714db7bc3ee890336a9,
        type: 3}
      propertyPath: m_LocalRotation.y
      value: -0
      objectReference: {fileID: 0}
    - target: {fileID: 5203091074161772808, guid: 4eb5334f683d0714db7bc3ee890336a9,
        type: 3}
      propertyPath: m_LocalRotation.z
      value: -0
      objectReference: {fileID: 0}
    - target: {fileID: 5203091074161772808, guid: 4eb5334f683d0714db7bc3ee890336a9,
        type: 3}
      propertyPath: m_LocalRotation.w
      value: 1
      objectReference: {fileID: 0}
    - target: {fileID: 5203091074161772808, guid: 4eb5334f683d0714db7bc3ee890336a9,
        type: 3}
      propertyPath: m_RootOrder
      value: 0
      objectReference: {fileID: 0}
    - target: {fileID: 5203091074161772808, guid: 4eb5334f683d0714db7bc3ee890336a9,
        type: 3}
      propertyPath: m_LocalEulerAnglesHint.x
      value: 0
      objectReference: {fileID: 0}
    - target: {fileID: 5203091074161772808, guid: 4eb5334f683d0714db7bc3ee890336a9,
        type: 3}
      propertyPath: m_LocalEulerAnglesHint.y
      value: 0
      objectReference: {fileID: 0}
    - target: {fileID: 5203091074161772808, guid: 4eb5334f683d0714db7bc3ee890336a9,
        type: 3}
      propertyPath: m_LocalEulerAnglesHint.z
      value: 0
      objectReference: {fileID: 0}
    - target: {fileID: 5203091074161772809, guid: 4eb5334f683d0714db7bc3ee890336a9,
        type: 3}
      propertyPath: m_Size.z
      value: 26.82
      objectReference: {fileID: 0}
    - target: {fileID: 5203091074161772811, guid: 4eb5334f683d0714db7bc3ee890336a9,
        type: 3}
      propertyPath: m_Name
      value: WeightItemStack (3)
      objectReference: {fileID: 0}
    - target: {fileID: 5203091074161772814, guid: 4eb5334f683d0714db7bc3ee890336a9,
        type: 3}
      propertyPath: WeightCubes.Array.size
      value: 2
      objectReference: {fileID: 0}
    - target: {fileID: 5203091074161772814, guid: 4eb5334f683d0714db7bc3ee890336a9,
        type: 3}
      propertyPath: WeightCubes.Array.data[0]
      value: 
      objectReference: {fileID: 2708871207729494230}
    - target: {fileID: 5203091074161772814, guid: 4eb5334f683d0714db7bc3ee890336a9,
        type: 3}
      propertyPath: WeightCubes.Array.data[1]
      value: 
      objectReference: {fileID: 7471819465428249836}
    - target: {fileID: 5203091074161772814, guid: 4eb5334f683d0714db7bc3ee890336a9,
        type: 3}
      propertyPath: _rotateAmount.z
      value: 0
      objectReference: {fileID: 0}
    - target: {fileID: 5203091074161772814, guid: 4eb5334f683d0714db7bc3ee890336a9,
        type: 3}
      propertyPath: WeightCubes.Array.data[2]
      value: 
      objectReference: {fileID: 0}
    - target: {fileID: 5203091074161772814, guid: 4eb5334f683d0714db7bc3ee890336a9,
        type: 3}
      propertyPath: _rotateAmount.x
      value: -1
      objectReference: {fileID: 0}
    m_RemovedComponents: []
  m_SourcePrefab: {fileID: 100100000, guid: 4eb5334f683d0714db7bc3ee890336a9, type: 3}
--- !u!4 &8800274338001542920 stripped
Transform:
  m_CorrespondingSourceObject: {fileID: 5203091074161772808, guid: 4eb5334f683d0714db7bc3ee890336a9,
    type: 3}
  m_PrefabInstance: {fileID: 3609016221178680832}
  m_PrefabAsset: {fileID: 0}
--- !u!1001 &4262705805731508410
PrefabInstance:
  m_ObjectHideFlags: 0
  serializedVersion: 2
  m_Modification:
    m_TransformParent: {fileID: 2702697369700721786}
    m_Modifications:
    - target: {fileID: 5203091074161772808, guid: 4eb5334f683d0714db7bc3ee890336a9,
        type: 3}
      propertyPath: m_LocalPosition.x
      value: 4.5
      objectReference: {fileID: 0}
    - target: {fileID: 5203091074161772808, guid: 4eb5334f683d0714db7bc3ee890336a9,
        type: 3}
      propertyPath: m_LocalPosition.y
      value: 3.29
      objectReference: {fileID: 0}
    - target: {fileID: 5203091074161772808, guid: 4eb5334f683d0714db7bc3ee890336a9,
        type: 3}
      propertyPath: m_LocalPosition.z
      value: 0
      objectReference: {fileID: 0}
    - target: {fileID: 5203091074161772808, guid: 4eb5334f683d0714db7bc3ee890336a9,
        type: 3}
      propertyPath: m_LocalRotation.x
      value: -0
      objectReference: {fileID: 0}
    - target: {fileID: 5203091074161772808, guid: 4eb5334f683d0714db7bc3ee890336a9,
        type: 3}
      propertyPath: m_LocalRotation.y
      value: -0
      objectReference: {fileID: 0}
    - target: {fileID: 5203091074161772808, guid: 4eb5334f683d0714db7bc3ee890336a9,
        type: 3}
      propertyPath: m_LocalRotation.z
      value: -0
      objectReference: {fileID: 0}
    - target: {fileID: 5203091074161772808, guid: 4eb5334f683d0714db7bc3ee890336a9,
        type: 3}
      propertyPath: m_LocalRotation.w
      value: 1
      objectReference: {fileID: 0}
    - target: {fileID: 5203091074161772808, guid: 4eb5334f683d0714db7bc3ee890336a9,
        type: 3}
      propertyPath: m_RootOrder
      value: 0
      objectReference: {fileID: 0}
    - target: {fileID: 5203091074161772808, guid: 4eb5334f683d0714db7bc3ee890336a9,
        type: 3}
      propertyPath: m_LocalEulerAnglesHint.x
      value: 0
      objectReference: {fileID: 0}
    - target: {fileID: 5203091074161772808, guid: 4eb5334f683d0714db7bc3ee890336a9,
        type: 3}
      propertyPath: m_LocalEulerAnglesHint.y
      value: 0
      objectReference: {fileID: 0}
    - target: {fileID: 5203091074161772808, guid: 4eb5334f683d0714db7bc3ee890336a9,
        type: 3}
      propertyPath: m_LocalEulerAnglesHint.z
      value: 0
      objectReference: {fileID: 0}
    - target: {fileID: 5203091074161772809, guid: 4eb5334f683d0714db7bc3ee890336a9,
        type: 3}
      propertyPath: m_Size.z
      value: 26.82
      objectReference: {fileID: 0}
    - target: {fileID: 5203091074161772811, guid: 4eb5334f683d0714db7bc3ee890336a9,
        type: 3}
      propertyPath: m_Name
      value: WeightItemStack (3)
      objectReference: {fileID: 0}
    - target: {fileID: 5203091074161772814, guid: 4eb5334f683d0714db7bc3ee890336a9,
        type: 3}
      propertyPath: WeightCubes.Array.size
      value: 2
      objectReference: {fileID: 0}
    - target: {fileID: 5203091074161772814, guid: 4eb5334f683d0714db7bc3ee890336a9,
        type: 3}
      propertyPath: WeightCubes.Array.data[0]
      value: 
      objectReference: {fileID: 4171723834864436257}
    - target: {fileID: 5203091074161772814, guid: 4eb5334f683d0714db7bc3ee890336a9,
        type: 3}
      propertyPath: WeightCubes.Array.data[1]
      value: 
      objectReference: {fileID: 2853346903616762327}
    - target: {fileID: 5203091074161772814, guid: 4eb5334f683d0714db7bc3ee890336a9,
        type: 3}
      propertyPath: _rotateAmount.z
      value: -1
      objectReference: {fileID: 0}
    - target: {fileID: 5203091074161772814, guid: 4eb5334f683d0714db7bc3ee890336a9,
        type: 3}
      propertyPath: WeightCubes.Array.data[2]
      value: 
      objectReference: {fileID: 0}
    m_RemovedComponents: []
  m_SourcePrefab: {fileID: 100100000, guid: 4eb5334f683d0714db7bc3ee890336a9, type: 3}
--- !u!4 &8294851628779190706 stripped
Transform:
  m_CorrespondingSourceObject: {fileID: 5203091074161772808, guid: 4eb5334f683d0714db7bc3ee890336a9,
    type: 3}
  m_PrefabInstance: {fileID: 4262705805731508410}
  m_PrefabAsset: {fileID: 0}
--- !u!1001 &5328520816790020339
PrefabInstance:
  m_ObjectHideFlags: 0
  serializedVersion: 2
  m_Modification:
    m_TransformParent: {fileID: 2702697370233283880}
    m_Modifications:
    - target: {fileID: 3333659074766572575, guid: 7f160c4e78c37dc44aec02aaa7aab321,
        type: 3}
      propertyPath: _colorId
      value: 2
      objectReference: {fileID: 0}
    - target: {fileID: 3333659074766573024, guid: 7f160c4e78c37dc44aec02aaa7aab321,
        type: 3}
      propertyPath: m_LocalPosition.x
      value: 4.6000004
      objectReference: {fileID: 0}
    - target: {fileID: 3333659074766573024, guid: 7f160c4e78c37dc44aec02aaa7aab321,
        type: 3}
      propertyPath: m_LocalPosition.y
      value: 5
      objectReference: {fileID: 0}
    - target: {fileID: 3333659074766573024, guid: 7f160c4e78c37dc44aec02aaa7aab321,
        type: 3}
      propertyPath: m_LocalPosition.z
      value: 16.8
      objectReference: {fileID: 0}
    - target: {fileID: 3333659074766573024, guid: 7f160c4e78c37dc44aec02aaa7aab321,
        type: 3}
      propertyPath: m_LocalRotation.x
      value: -0
      objectReference: {fileID: 0}
    - target: {fileID: 3333659074766573024, guid: 7f160c4e78c37dc44aec02aaa7aab321,
        type: 3}
      propertyPath: m_LocalRotation.y
      value: -0
      objectReference: {fileID: 0}
    - target: {fileID: 3333659074766573024, guid: 7f160c4e78c37dc44aec02aaa7aab321,
        type: 3}
      propertyPath: m_LocalRotation.z
      value: -0
      objectReference: {fileID: 0}
    - target: {fileID: 3333659074766573024, guid: 7f160c4e78c37dc44aec02aaa7aab321,
        type: 3}
      propertyPath: m_LocalRotation.w
      value: 1
      objectReference: {fileID: 0}
    - target: {fileID: 3333659074766573024, guid: 7f160c4e78c37dc44aec02aaa7aab321,
        type: 3}
      propertyPath: m_RootOrder
      value: 5
      objectReference: {fileID: 0}
    - target: {fileID: 3333659074766573024, guid: 7f160c4e78c37dc44aec02aaa7aab321,
        type: 3}
      propertyPath: m_LocalEulerAnglesHint.x
      value: 0
      objectReference: {fileID: 0}
    - target: {fileID: 3333659074766573024, guid: 7f160c4e78c37dc44aec02aaa7aab321,
        type: 3}
      propertyPath: m_LocalEulerAnglesHint.y
      value: 0
      objectReference: {fileID: 0}
    - target: {fileID: 3333659074766573024, guid: 7f160c4e78c37dc44aec02aaa7aab321,
        type: 3}
      propertyPath: m_LocalEulerAnglesHint.z
      value: 0
      objectReference: {fileID: 0}
    - target: {fileID: 3333659074766573025, guid: 7f160c4e78c37dc44aec02aaa7aab321,
        type: 3}
      propertyPath: m_Name
      value: Cube (13)
      objectReference: {fileID: 0}
    m_RemovedComponents: []
  m_SourcePrefab: {fileID: 100100000, guid: 7f160c4e78c37dc44aec02aaa7aab321, type: 3}
--- !u!4 &7471819465428249875 stripped
Transform:
  m_CorrespondingSourceObject: {fileID: 3333659074766573024, guid: 7f160c4e78c37dc44aec02aaa7aab321,
    type: 3}
  m_PrefabInstance: {fileID: 5328520816790020339}
  m_PrefabAsset: {fileID: 0}
--- !u!114 &7471819465428249836 stripped
MonoBehaviour:
  m_CorrespondingSourceObject: {fileID: 3333659074766572575, guid: 7f160c4e78c37dc44aec02aaa7aab321,
    type: 3}
  m_PrefabInstance: {fileID: 5328520816790020339}
  m_PrefabAsset: {fileID: 0}
  m_GameObject: {fileID: 0}
  m_Enabled: 1
  m_EditorHideFlags: 0
  m_Script: {fileID: 11500000, guid: 1753348002b07884f8e24f7c59cbdd65, type: 3}
  m_Name: 
  m_EditorClassIdentifier: 
--- !u!1001 &6903322154745247577
PrefabInstance:
  m_ObjectHideFlags: 0
  serializedVersion: 2
  m_Modification:
    m_TransformParent: {fileID: 2702697370233283880}
    m_Modifications:
    - target: {fileID: 3333659074766572575, guid: 7f160c4e78c37dc44aec02aaa7aab321,
        type: 3}
      propertyPath: _colorId
      value: 3
      objectReference: {fileID: 0}
    - target: {fileID: 3333659074766573024, guid: 7f160c4e78c37dc44aec02aaa7aab321,
        type: 3}
      propertyPath: m_LocalPosition.x
      value: 4.6000004
      objectReference: {fileID: 0}
    - target: {fileID: 3333659074766573024, guid: 7f160c4e78c37dc44aec02aaa7aab321,
        type: 3}
      propertyPath: m_LocalPosition.y
      value: 5
      objectReference: {fileID: 0}
    - target: {fileID: 3333659074766573024, guid: 7f160c4e78c37dc44aec02aaa7aab321,
        type: 3}
      propertyPath: m_LocalPosition.z
      value: 16.8
      objectReference: {fileID: 0}
    - target: {fileID: 3333659074766573024, guid: 7f160c4e78c37dc44aec02aaa7aab321,
        type: 3}
      propertyPath: m_LocalRotation.x
      value: -0
      objectReference: {fileID: 0}
    - target: {fileID: 3333659074766573024, guid: 7f160c4e78c37dc44aec02aaa7aab321,
        type: 3}
      propertyPath: m_LocalRotation.y
      value: -0
      objectReference: {fileID: 0}
    - target: {fileID: 3333659074766573024, guid: 7f160c4e78c37dc44aec02aaa7aab321,
        type: 3}
      propertyPath: m_LocalRotation.z
      value: -0
      objectReference: {fileID: 0}
    - target: {fileID: 3333659074766573024, guid: 7f160c4e78c37dc44aec02aaa7aab321,
        type: 3}
      propertyPath: m_LocalRotation.w
      value: 1
      objectReference: {fileID: 0}
    - target: {fileID: 3333659074766573024, guid: 7f160c4e78c37dc44aec02aaa7aab321,
        type: 3}
      propertyPath: m_RootOrder
      value: 6
      objectReference: {fileID: 0}
    - target: {fileID: 3333659074766573024, guid: 7f160c4e78c37dc44aec02aaa7aab321,
        type: 3}
      propertyPath: m_LocalEulerAnglesHint.x
      value: 0
      objectReference: {fileID: 0}
    - target: {fileID: 3333659074766573024, guid: 7f160c4e78c37dc44aec02aaa7aab321,
        type: 3}
      propertyPath: m_LocalEulerAnglesHint.y
      value: 0
      objectReference: {fileID: 0}
    - target: {fileID: 3333659074766573024, guid: 7f160c4e78c37dc44aec02aaa7aab321,
        type: 3}
      propertyPath: m_LocalEulerAnglesHint.z
      value: 0
      objectReference: {fileID: 0}
    - target: {fileID: 3333659074766573025, guid: 7f160c4e78c37dc44aec02aaa7aab321,
        type: 3}
      propertyPath: m_Name
      value: Cube (14)
      objectReference: {fileID: 0}
    m_RemovedComponents: []
  m_SourcePrefab: {fileID: 100100000, guid: 7f160c4e78c37dc44aec02aaa7aab321, type: 3}
--- !u!4 &8182494790329612985 stripped
Transform:
  m_CorrespondingSourceObject: {fileID: 3333659074766573024, guid: 7f160c4e78c37dc44aec02aaa7aab321,
    type: 3}
  m_PrefabInstance: {fileID: 6903322154745247577}
  m_PrefabAsset: {fileID: 0}
--- !u!114 &8182494790329613126 stripped
MonoBehaviour:
  m_CorrespondingSourceObject: {fileID: 3333659074766572575, guid: 7f160c4e78c37dc44aec02aaa7aab321,
    type: 3}
  m_PrefabInstance: {fileID: 6903322154745247577}
  m_PrefabAsset: {fileID: 0}
  m_GameObject: {fileID: 0}
  m_Enabled: 1
  m_EditorHideFlags: 0
  m_Script: {fileID: 11500000, guid: 1753348002b07884f8e24f7c59cbdd65, type: 3}
  m_Name: 
  m_EditorClassIdentifier: 
--- !u!1001 &8009075642684496073
PrefabInstance:
  m_ObjectHideFlags: 0
  serializedVersion: 2
  m_Modification:
    m_TransformParent: {fileID: 2702697369122402770}
    m_Modifications:
    - target: {fileID: 5882634828029767427, guid: ef9e298828a7c164b8757dac9805f0bc,
        type: 3}
      propertyPath: m_LocalPosition.x
      value: 0
      objectReference: {fileID: 0}
    - target: {fileID: 5882634828029767427, guid: ef9e298828a7c164b8757dac9805f0bc,
        type: 3}
      propertyPath: m_LocalPosition.y
      value: 1.91
      objectReference: {fileID: 0}
    - target: {fileID: 5882634828029767427, guid: ef9e298828a7c164b8757dac9805f0bc,
        type: 3}
      propertyPath: m_LocalPosition.z
      value: 0
      objectReference: {fileID: 0}
    - target: {fileID: 5882634828029767427, guid: ef9e298828a7c164b8757dac9805f0bc,
        type: 3}
      propertyPath: m_LocalRotation.x
      value: 0
      objectReference: {fileID: 0}
    - target: {fileID: 5882634828029767427, guid: ef9e298828a7c164b8757dac9805f0bc,
        type: 3}
      propertyPath: m_LocalRotation.y
      value: -0
      objectReference: {fileID: 0}
    - target: {fileID: 5882634828029767427, guid: ef9e298828a7c164b8757dac9805f0bc,
        type: 3}
      propertyPath: m_LocalRotation.z
      value: -0
      objectReference: {fileID: 0}
    - target: {fileID: 5882634828029767427, guid: ef9e298828a7c164b8757dac9805f0bc,
        type: 3}
      propertyPath: m_LocalRotation.w
      value: 1
      objectReference: {fileID: 0}
    - target: {fileID: 5882634828029767427, guid: ef9e298828a7c164b8757dac9805f0bc,
        type: 3}
      propertyPath: m_RootOrder
      value: 0
      objectReference: {fileID: 0}
    - target: {fileID: 5882634828029767427, guid: ef9e298828a7c164b8757dac9805f0bc,
        type: 3}
      propertyPath: m_LocalEulerAnglesHint.x
      value: 0
      objectReference: {fileID: 0}
    - target: {fileID: 5882634828029767427, guid: ef9e298828a7c164b8757dac9805f0bc,
        type: 3}
      propertyPath: m_LocalEulerAnglesHint.y
      value: 0
      objectReference: {fileID: 0}
    - target: {fileID: 5882634828029767427, guid: ef9e298828a7c164b8757dac9805f0bc,
        type: 3}
      propertyPath: m_LocalEulerAnglesHint.z
      value: 0
      objectReference: {fileID: 0}
    - target: {fileID: 5882634828029767427, guid: ef9e298828a7c164b8757dac9805f0bc,
        type: 3}
      propertyPath: m_LocalScale.x
      value: 49.894
      objectReference: {fileID: 0}
    - target: {fileID: 5882634828029767427, guid: ef9e298828a7c164b8757dac9805f0bc,
        type: 3}
      propertyPath: m_LocalScale.y
      value: 49.894
      objectReference: {fileID: 0}
    - target: {fileID: 5882634828029767427, guid: ef9e298828a7c164b8757dac9805f0bc,
        type: 3}
      propertyPath: m_LocalScale.z
      value: 49.894
      objectReference: {fileID: 0}
    - target: {fileID: 7491747796473142544, guid: ef9e298828a7c164b8757dac9805f0bc,
        type: 3}
      propertyPath: m_Name
      value: Plus_Platform
      objectReference: {fileID: 0}
    m_RemovedComponents: []
  m_SourcePrefab: {fileID: 100100000, guid: ef9e298828a7c164b8757dac9805f0bc, type: 3}
--- !u!4 &4505467601282889674 stripped
Transform:
  m_CorrespondingSourceObject: {fileID: 5882634828029767427, guid: ef9e298828a7c164b8757dac9805f0bc,
    type: 3}
  m_PrefabInstance: {fileID: 8009075642684496073}
  m_PrefabAsset: {fileID: 0}
--- !u!1 &5887330455214322349 stripped
GameObject:
  m_CorrespondingSourceObject: {fileID: 4509805304268073572, guid: ef9e298828a7c164b8757dac9805f0bc,
    type: 3}
  m_PrefabInstance: {fileID: 8009075642684496073}
  m_PrefabAsset: {fileID: 0}
--- !u!1001 &8545652497053293578
PrefabInstance:
  m_ObjectHideFlags: 0
  serializedVersion: 2
  m_Modification:
    m_TransformParent: {fileID: 2702697370233283880}
    m_Modifications:
    - target: {fileID: 3333659074766572575, guid: 7f160c4e78c37dc44aec02aaa7aab321,
        type: 3}
      propertyPath: _colorId
      value: 4
      objectReference: {fileID: 0}
    - target: {fileID: 3333659074766573024, guid: 7f160c4e78c37dc44aec02aaa7aab321,
        type: 3}
      propertyPath: m_LocalPosition.x
      value: 4.6000004
      objectReference: {fileID: 0}
    - target: {fileID: 3333659074766573024, guid: 7f160c4e78c37dc44aec02aaa7aab321,
        type: 3}
      propertyPath: m_LocalPosition.y
      value: 5
      objectReference: {fileID: 0}
    - target: {fileID: 3333659074766573024, guid: 7f160c4e78c37dc44aec02aaa7aab321,
        type: 3}
      propertyPath: m_LocalPosition.z
      value: 16.8
      objectReference: {fileID: 0}
    - target: {fileID: 3333659074766573024, guid: 7f160c4e78c37dc44aec02aaa7aab321,
        type: 3}
      propertyPath: m_LocalRotation.x
      value: -0
      objectReference: {fileID: 0}
    - target: {fileID: 3333659074766573024, guid: 7f160c4e78c37dc44aec02aaa7aab321,
        type: 3}
      propertyPath: m_LocalRotation.y
      value: -0
      objectReference: {fileID: 0}
    - target: {fileID: 3333659074766573024, guid: 7f160c4e78c37dc44aec02aaa7aab321,
        type: 3}
      propertyPath: m_LocalRotation.z
      value: -0
      objectReference: {fileID: 0}
    - target: {fileID: 3333659074766573024, guid: 7f160c4e78c37dc44aec02aaa7aab321,
        type: 3}
      propertyPath: m_LocalRotation.w
      value: 1
      objectReference: {fileID: 0}
    - target: {fileID: 3333659074766573024, guid: 7f160c4e78c37dc44aec02aaa7aab321,
        type: 3}
      propertyPath: m_RootOrder
      value: 7
      objectReference: {fileID: 0}
    - target: {fileID: 3333659074766573024, guid: 7f160c4e78c37dc44aec02aaa7aab321,
        type: 3}
      propertyPath: m_LocalEulerAnglesHint.x
      value: 0
      objectReference: {fileID: 0}
    - target: {fileID: 3333659074766573024, guid: 7f160c4e78c37dc44aec02aaa7aab321,
        type: 3}
      propertyPath: m_LocalEulerAnglesHint.y
      value: 0
      objectReference: {fileID: 0}
    - target: {fileID: 3333659074766573024, guid: 7f160c4e78c37dc44aec02aaa7aab321,
        type: 3}
      propertyPath: m_LocalEulerAnglesHint.z
      value: 0
      objectReference: {fileID: 0}
    - target: {fileID: 3333659074766573025, guid: 7f160c4e78c37dc44aec02aaa7aab321,
        type: 3}
      propertyPath: m_Name
      value: Cube (15)
      objectReference: {fileID: 0}
    m_RemovedComponents: []
  m_SourcePrefab: {fileID: 100100000, guid: 7f160c4e78c37dc44aec02aaa7aab321, type: 3}
--- !u!4 &6402932225359385066 stripped
Transform:
  m_CorrespondingSourceObject: {fileID: 3333659074766573024, guid: 7f160c4e78c37dc44aec02aaa7aab321,
    type: 3}
  m_PrefabInstance: {fileID: 8545652497053293578}
  m_PrefabAsset: {fileID: 0}
--- !u!114 &6402932225359384597 stripped
MonoBehaviour:
  m_CorrespondingSourceObject: {fileID: 3333659074766572575, guid: 7f160c4e78c37dc44aec02aaa7aab321,
    type: 3}
  m_PrefabInstance: {fileID: 8545652497053293578}
  m_PrefabAsset: {fileID: 0}
  m_GameObject: {fileID: 0}
  m_Enabled: 1
  m_EditorHideFlags: 0
  m_Script: {fileID: 11500000, guid: 1753348002b07884f8e24f7c59cbdd65, type: 3}
  m_Name: 
  m_EditorClassIdentifier: 
