%YAML 1.1
%TAG !u! tag:unity3d.com,2011:
--- !u!1 &393134271968449772
GameObject:
  m_ObjectHideFlags: 0
  m_CorrespondingSourceObject: {fileID: 0}
  m_PrefabInstance: {fileID: 0}
  m_PrefabAsset: {fileID: 0}
  serializedVersion: 6
  m_Component:
  - component: {fileID: 616378463517750450}
  - component: {fileID: 3097843979657434540}
  m_Layer: 0
  m_Name: WeightItemPlaceBack
  m_TagString: Untagged
  m_Icon: {fileID: 0}
  m_NavMeshLayer: 0
  m_StaticEditorFlags: 0
  m_IsActive: 1
--- !u!4 &616378463517750450
Transform:
  m_ObjectHideFlags: 0
  m_CorrespondingSourceObject: {fileID: 0}
  m_PrefabInstance: {fileID: 0}
  m_PrefabAsset: {fileID: 0}
  m_GameObject: {fileID: 393134271968449772}
  m_LocalRotation: {x: 0, y: 0, z: 0, w: 1}
  m_LocalPosition: {x: -4.8, y: 0, z: -17.8}
  m_LocalScale: {x: 1, y: 1, z: 1}
  m_Children:
  - {fileID: 1617786037240035538}
  m_Father: {fileID: 5319513972544263688}
  m_RootOrder: 3
  m_LocalEulerAnglesHint: {x: 0, y: 0, z: 0}
--- !u!114 &3097843979657434540
MonoBehaviour:
  m_ObjectHideFlags: 0
  m_CorrespondingSourceObject: {fileID: 0}
  m_PrefabInstance: {fileID: 0}
  m_PrefabAsset: {fileID: 0}
  m_GameObject: {fileID: 393134271968449772}
  m_Enabled: 1
  m_EditorHideFlags: 0
  m_Script: {fileID: 11500000, guid: 9e467f3bde42a984889251a470433551, type: 3}
  m_Name: 
  m_EditorClassIdentifier: 
  Stacks: []
--- !u!1 &5319513972122111499
GameObject:
  m_ObjectHideFlags: 0
  m_CorrespondingSourceObject: {fileID: 0}
  m_PrefabInstance: {fileID: 0}
  m_PrefabAsset: {fileID: 0}
  serializedVersion: 6
  m_Component:
  - component: {fileID: 5319513972122111498}
  - component: {fileID: 5319513972122111497}
  m_Layer: 0
  m_Name: WeightItemPlaceLeft
  m_TagString: Untagged
  m_Icon: {fileID: 0}
  m_NavMeshLayer: 0
  m_StaticEditorFlags: 0
  m_IsActive: 1
--- !u!4 &5319513972122111498
Transform:
  m_ObjectHideFlags: 0
  m_CorrespondingSourceObject: {fileID: 0}
  m_PrefabInstance: {fileID: 0}
  m_PrefabAsset: {fileID: 0}
  m_GameObject: {fileID: 5319513972122111499}
  m_LocalRotation: {x: 0, y: 0, z: 0, w: 1}
  m_LocalPosition: {x: -13, y: 0, z: 0}
  m_LocalScale: {x: 1, y: 1, z: 1}
  m_Children:
  - {fileID: 2617356994208193452}
  m_Father: {fileID: 5319513972544263688}
  m_RootOrder: 2
  m_LocalEulerAnglesHint: {x: 0, y: 0, z: 0}
--- !u!114 &5319513972122111497
MonoBehaviour:
  m_ObjectHideFlags: 0
  m_CorrespondingSourceObject: {fileID: 0}
  m_PrefabInstance: {fileID: 0}
  m_PrefabAsset: {fileID: 0}
  m_GameObject: {fileID: 5319513972122111499}
  m_Enabled: 1
  m_EditorHideFlags: 0
  m_Script: {fileID: 11500000, guid: 9e467f3bde42a984889251a470433551, type: 3}
  m_Name: 
  m_EditorClassIdentifier: 
  Stacks: []
--- !u!1 &5319513972334052257
GameObject:
  m_ObjectHideFlags: 0
  m_CorrespondingSourceObject: {fileID: 0}
  m_PrefabInstance: {fileID: 0}
  m_PrefabAsset: {fileID: 0}
  serializedVersion: 6
  m_Component:
  - component: {fileID: 5319513972334052256}
  - component: {fileID: 5319513972334052263}
  m_Layer: 0
  m_Name: WeightItemPlaceRight
  m_TagString: Untagged
  m_Icon: {fileID: 0}
  m_NavMeshLayer: 0
  m_StaticEditorFlags: 0
  m_IsActive: 1
--- !u!4 &5319513972334052256
Transform:
  m_ObjectHideFlags: 0
  m_CorrespondingSourceObject: {fileID: 0}
  m_PrefabInstance: {fileID: 0}
  m_PrefabAsset: {fileID: 0}
  m_GameObject: {fileID: 5319513972334052257}
  m_LocalRotation: {x: 0, y: 0, z: 0, w: 1}
  m_LocalPosition: {x: 14.6, y: 0, z: 0}
  m_LocalScale: {x: 1, y: 1, z: 1}
  m_Children:
  - {fileID: 2255853359110168168}
  m_Father: {fileID: 5319513972544263688}
  m_RootOrder: 1
  m_LocalEulerAnglesHint: {x: 0, y: 0, z: 0}
--- !u!114 &5319513972334052263
MonoBehaviour:
  m_ObjectHideFlags: 0
  m_CorrespondingSourceObject: {fileID: 0}
  m_PrefabInstance: {fileID: 0}
  m_PrefabAsset: {fileID: 0}
  m_GameObject: {fileID: 5319513972334052257}
  m_Enabled: 1
  m_EditorHideFlags: 0
  m_Script: {fileID: 11500000, guid: 9e467f3bde42a984889251a470433551, type: 3}
  m_Name: 
  m_EditorClassIdentifier: 
  Stacks: []
--- !u!1 &5319513972544263689
GameObject:
  m_ObjectHideFlags: 0
  m_CorrespondingSourceObject: {fileID: 0}
  m_PrefabInstance: {fileID: 0}
  m_PrefabAsset: {fileID: 0}
  serializedVersion: 6
  m_Component:
  - component: {fileID: 5319513972544263688}
  - component: {fileID: 5319513972544263695}
  m_Layer: 0
  m_Name: seesaw8
  m_TagString: Untagged
  m_Icon: {fileID: 0}
  m_NavMeshLayer: 0
  m_StaticEditorFlags: 0
  m_IsActive: 1
--- !u!4 &5319513972544263688
Transform:
  m_ObjectHideFlags: 0
  m_CorrespondingSourceObject: {fileID: 0}
  m_PrefabInstance: {fileID: 0}
  m_PrefabAsset: {fileID: 0}
  m_GameObject: {fileID: 5319513972544263689}
  m_LocalRotation: {x: 0, y: 0, z: 0, w: 1}
  m_LocalPosition: {x: 0, y: 12.9, z: -63.4}
  m_LocalScale: {x: 1, y: 1, z: 1}
  m_Children:
  - {fileID: 505126018398487431}
  - {fileID: 5319513972334052256}
  - {fileID: 5319513972122111498}
  - {fileID: 616378463517750450}
  - {fileID: 4346256844887949674}
  - {fileID: 5319513973949006578}
  m_Father: {fileID: 0}
  m_RootOrder: 0
  m_LocalEulerAnglesHint: {x: 0, y: 0, z: 0}
--- !u!114 &5319513972544263695
MonoBehaviour:
  m_ObjectHideFlags: 0
  m_CorrespondingSourceObject: {fileID: 0}
  m_PrefabInstance: {fileID: 0}
  m_PrefabAsset: {fileID: 0}
  m_GameObject: {fileID: 5319513972544263689}
  m_Enabled: 1
  m_EditorHideFlags: 0
  m_Script: {fileID: 11500000, guid: 02d10cfaf94e75c45a391790dc3b267b, type: 3}
  m_Name: 
  m_EditorClassIdentifier: 
  _angleDifference: 1
  _changeDuration: 1
  _travelSpeed: 100
  _totalVectorMultiplier: 1
  _breakMagnitude: 12
  _breakForceMultiplier: 1
  _maxMagnitudeToWin: 0.15
  _maxStackedCubeCount: 3
  Places: []
--- !u!1 &5319513973949006579
GameObject:
  m_ObjectHideFlags: 0
  m_CorrespondingSourceObject: {fileID: 0}
  m_PrefabInstance: {fileID: 0}
  m_PrefabAsset: {fileID: 0}
  serializedVersion: 6
  m_Component:
  - component: {fileID: 5319513973949006578}
  m_Layer: 0
  m_Name: Cubes
  m_TagString: Untagged
  m_Icon: {fileID: 0}
  m_NavMeshLayer: 0
  m_StaticEditorFlags: 0
  m_IsActive: 1
--- !u!4 &5319513973949006578
Transform:
  m_ObjectHideFlags: 0
  m_CorrespondingSourceObject: {fileID: 0}
  m_PrefabInstance: {fileID: 0}
  m_PrefabAsset: {fileID: 0}
  m_GameObject: {fileID: 5319513973949006579}
  m_LocalRotation: {x: 0, y: 0, z: 0, w: 1}
  m_LocalPosition: {x: 0, y: 0, z: 0}
  m_LocalScale: {x: 1, y: 1, z: 1}
  m_Children:
  - {fileID: 6176596246689882628}
  - {fileID: 5461250968016361458}
  - {fileID: 6761030426368453142}
  - {fileID: 5382118441830255205}
  - {fileID: 5315519922685206259}
  - {fileID: 856353537358367433}
  - {fileID: 2151967037939948899}
  - {fileID: 3785440247784191536}
  m_Father: {fileID: 5319513972544263688}
  m_RootOrder: 5
  m_LocalEulerAnglesHint: {x: 0, y: 0, z: 0}
--- !u!1 &6812722386548308510
GameObject:
  m_ObjectHideFlags: 0
  m_CorrespondingSourceObject: {fileID: 0}
  m_PrefabInstance: {fileID: 0}
  m_PrefabAsset: {fileID: 0}
  serializedVersion: 6
  m_Component:
  - component: {fileID: 4346256844887949674}
  - component: {fileID: 1472641926114801452}
  m_Layer: 0
  m_Name: WeightItemPlaceFront
  m_TagString: Untagged
  m_Icon: {fileID: 0}
  m_NavMeshLayer: 0
  m_StaticEditorFlags: 0
  m_IsActive: 1
--- !u!4 &4346256844887949674
Transform:
  m_ObjectHideFlags: 0
  m_CorrespondingSourceObject: {fileID: 0}
  m_PrefabInstance: {fileID: 0}
  m_PrefabAsset: {fileID: 0}
  m_GameObject: {fileID: 6812722386548308510}
  m_LocalRotation: {x: 0, y: 0, z: 0, w: 1}
  m_LocalPosition: {x: -5.8, y: 0, z: 16.9}
  m_LocalScale: {x: 1, y: 1, z: 1}
  m_Children:
  - {fileID: 3543187374879135209}
  m_Father: {fileID: 5319513972544263688}
  m_RootOrder: 4
  m_LocalEulerAnglesHint: {x: 0, y: 0, z: 0}
--- !u!114 &1472641926114801452
MonoBehaviour:
  m_ObjectHideFlags: 0
  m_CorrespondingSourceObject: {fileID: 0}
  m_PrefabInstance: {fileID: 0}
  m_PrefabAsset: {fileID: 0}
  m_GameObject: {fileID: 6812722386548308510}
  m_Enabled: 1
  m_EditorHideFlags: 0
  m_Script: {fileID: 11500000, guid: 9e467f3bde42a984889251a470433551, type: 3}
  m_Name: 
  m_EditorClassIdentifier: 
  Stacks: []
--- !u!64 &3245194129869902455
MeshCollider:
  m_ObjectHideFlags: 0
  m_CorrespondingSourceObject: {fileID: 0}
  m_PrefabInstance: {fileID: 0}
  m_PrefabAsset: {fileID: 0}
  m_GameObject: {fileID: 2001961578354648236}
  m_Material: {fileID: 13400000, guid: 241dc895533a4b744a32f444b25f2501, type: 2}
  m_IsTrigger: 0
  m_Enabled: 1
  serializedVersion: 4
  m_Convex: 0
  m_CookingOptions: 30
  m_Mesh: {fileID: 8632993429437876281, guid: 32609c3cdcee71340a45724ed7a61043, type: 3}
--- !u!1001 &1930668328009645008
PrefabInstance:
  m_ObjectHideFlags: 0
  serializedVersion: 2
  m_Modification:
    m_TransformParent: {fileID: 5319513973949006578}
    m_Modifications:
    - target: {fileID: 3333659074766572575, guid: 7f160c4e78c37dc44aec02aaa7aab321,
        type: 3}
      propertyPath: _colorId
      value: 3
      objectReference: {fileID: 0}
    - target: {fileID: 3333659074766573024, guid: 7f160c4e78c37dc44aec02aaa7aab321,
        type: 3}
      propertyPath: m_LocalPosition.x
      value: 4.6000004
      objectReference: {fileID: 0}
    - target: {fileID: 3333659074766573024, guid: 7f160c4e78c37dc44aec02aaa7aab321,
        type: 3}
      propertyPath: m_LocalPosition.y
      value: 5
      objectReference: {fileID: 0}
    - target: {fileID: 3333659074766573024, guid: 7f160c4e78c37dc44aec02aaa7aab321,
        type: 3}
      propertyPath: m_LocalPosition.z
      value: 16.8
      objectReference: {fileID: 0}
    - target: {fileID: 3333659074766573024, guid: 7f160c4e78c37dc44aec02aaa7aab321,
        type: 3}
      propertyPath: m_LocalRotation.x
      value: -0
      objectReference: {fileID: 0}
    - target: {fileID: 3333659074766573024, guid: 7f160c4e78c37dc44aec02aaa7aab321,
        type: 3}
      propertyPath: m_LocalRotation.y
      value: -0
      objectReference: {fileID: 0}
    - target: {fileID: 3333659074766573024, guid: 7f160c4e78c37dc44aec02aaa7aab321,
        type: 3}
      propertyPath: m_LocalRotation.z
      value: -0
      objectReference: {fileID: 0}
    - target: {fileID: 3333659074766573024, guid: 7f160c4e78c37dc44aec02aaa7aab321,
        type: 3}
      propertyPath: m_LocalRotation.w
      value: 1
      objectReference: {fileID: 0}
    - target: {fileID: 3333659074766573024, guid: 7f160c4e78c37dc44aec02aaa7aab321,
        type: 3}
      propertyPath: m_RootOrder
      value: 7
      objectReference: {fileID: 0}
    - target: {fileID: 3333659074766573024, guid: 7f160c4e78c37dc44aec02aaa7aab321,
        type: 3}
      propertyPath: m_LocalEulerAnglesHint.x
      value: 0
      objectReference: {fileID: 0}
    - target: {fileID: 3333659074766573024, guid: 7f160c4e78c37dc44aec02aaa7aab321,
        type: 3}
      propertyPath: m_LocalEulerAnglesHint.y
      value: 0
      objectReference: {fileID: 0}
    - target: {fileID: 3333659074766573024, guid: 7f160c4e78c37dc44aec02aaa7aab321,
        type: 3}
      propertyPath: m_LocalEulerAnglesHint.z
      value: 0
      objectReference: {fileID: 0}
    - target: {fileID: 3333659074766573025, guid: 7f160c4e78c37dc44aec02aaa7aab321,
        type: 3}
      propertyPath: m_Name
      value: Cube (15)
      objectReference: {fileID: 0}
    m_RemovedComponents: []
  m_SourcePrefab: {fileID: 100100000, guid: 7f160c4e78c37dc44aec02aaa7aab321, type: 3}
--- !u!114 &3785440247784191951 stripped
MonoBehaviour:
  m_CorrespondingSourceObject: {fileID: 3333659074766572575, guid: 7f160c4e78c37dc44aec02aaa7aab321,
    type: 3}
  m_PrefabInstance: {fileID: 1930668328009645008}
  m_PrefabAsset: {fileID: 0}
  m_GameObject: {fileID: 0}
  m_Enabled: 1
  m_EditorHideFlags: 0
  m_Script: {fileID: 11500000, guid: 1753348002b07884f8e24f7c59cbdd65, type: 3}
  m_Name: 
  m_EditorClassIdentifier: 
--- !u!4 &3785440247784191536 stripped
Transform:
  m_CorrespondingSourceObject: {fileID: 3333659074766573024, guid: 7f160c4e78c37dc44aec02aaa7aab321,
    type: 3}
  m_PrefabInstance: {fileID: 1930668328009645008}
  m_PrefabAsset: {fileID: 0}
--- !u!1001 &2711703835144685353
PrefabInstance:
  m_ObjectHideFlags: 0
  serializedVersion: 2
  m_Modification:
    m_TransformParent: {fileID: 5319513973949006578}
    m_Modifications:
    - target: {fileID: 3333659074766572575, guid: 7f160c4e78c37dc44aec02aaa7aab321,
        type: 3}
      propertyPath: _colorId
      value: 1
      objectReference: {fileID: 0}
    - target: {fileID: 3333659074766573024, guid: 7f160c4e78c37dc44aec02aaa7aab321,
        type: 3}
      propertyPath: m_LocalPosition.x
      value: 4.6000004
      objectReference: {fileID: 0}
    - target: {fileID: 3333659074766573024, guid: 7f160c4e78c37dc44aec02aaa7aab321,
        type: 3}
      propertyPath: m_LocalPosition.y
      value: 5
      objectReference: {fileID: 0}
    - target: {fileID: 3333659074766573024, guid: 7f160c4e78c37dc44aec02aaa7aab321,
        type: 3}
      propertyPath: m_LocalPosition.z
      value: 16.8
      objectReference: {fileID: 0}
    - target: {fileID: 3333659074766573024, guid: 7f160c4e78c37dc44aec02aaa7aab321,
        type: 3}
      propertyPath: m_LocalRotation.x
      value: -0
      objectReference: {fileID: 0}
    - target: {fileID: 3333659074766573024, guid: 7f160c4e78c37dc44aec02aaa7aab321,
        type: 3}
      propertyPath: m_LocalRotation.y
      value: -0
      objectReference: {fileID: 0}
    - target: {fileID: 3333659074766573024, guid: 7f160c4e78c37dc44aec02aaa7aab321,
        type: 3}
      propertyPath: m_LocalRotation.z
      value: -0
      objectReference: {fileID: 0}
    - target: {fileID: 3333659074766573024, guid: 7f160c4e78c37dc44aec02aaa7aab321,
        type: 3}
      propertyPath: m_LocalRotation.w
      value: 1
      objectReference: {fileID: 0}
    - target: {fileID: 3333659074766573024, guid: 7f160c4e78c37dc44aec02aaa7aab321,
        type: 3}
      propertyPath: m_RootOrder
      value: 5
      objectReference: {fileID: 0}
    - target: {fileID: 3333659074766573024, guid: 7f160c4e78c37dc44aec02aaa7aab321,
        type: 3}
      propertyPath: m_LocalEulerAnglesHint.x
      value: 0
      objectReference: {fileID: 0}
    - target: {fileID: 3333659074766573024, guid: 7f160c4e78c37dc44aec02aaa7aab321,
        type: 3}
      propertyPath: m_LocalEulerAnglesHint.y
      value: 0
      objectReference: {fileID: 0}
    - target: {fileID: 3333659074766573024, guid: 7f160c4e78c37dc44aec02aaa7aab321,
        type: 3}
      propertyPath: m_LocalEulerAnglesHint.z
      value: 0
      objectReference: {fileID: 0}
    - target: {fileID: 3333659074766573025, guid: 7f160c4e78c37dc44aec02aaa7aab321,
        type: 3}
      propertyPath: m_Name
      value: Cube (13)
      objectReference: {fileID: 0}
    m_RemovedComponents: []
  m_SourcePrefab: {fileID: 100100000, guid: 7f160c4e78c37dc44aec02aaa7aab321, type: 3}
--- !u!114 &856353537358367542 stripped
MonoBehaviour:
  m_CorrespondingSourceObject: {fileID: 3333659074766572575, guid: 7f160c4e78c37dc44aec02aaa7aab321,
    type: 3}
  m_PrefabInstance: {fileID: 2711703835144685353}
  m_PrefabAsset: {fileID: 0}
  m_GameObject: {fileID: 0}
  m_Enabled: 1
  m_EditorHideFlags: 0
  m_Script: {fileID: 11500000, guid: 1753348002b07884f8e24f7c59cbdd65, type: 3}
  m_Name: 
  m_EditorClassIdentifier: 
--- !u!4 &856353537358367433 stripped
Transform:
  m_CorrespondingSourceObject: {fileID: 3333659074766573024, guid: 7f160c4e78c37dc44aec02aaa7aab321,
    type: 3}
  m_PrefabInstance: {fileID: 2711703835144685353}
  m_PrefabAsset: {fileID: 0}
--- !u!1001 &3719652073910472835
PrefabInstance:
  m_ObjectHideFlags: 0
  serializedVersion: 2
  m_Modification:
    m_TransformParent: {fileID: 5319513973949006578}
    m_Modifications:
    - target: {fileID: 3333659074766572575, guid: 7f160c4e78c37dc44aec02aaa7aab321,
        type: 3}
      propertyPath: _colorId
      value: 2
      objectReference: {fileID: 0}
    - target: {fileID: 3333659074766573024, guid: 7f160c4e78c37dc44aec02aaa7aab321,
        type: 3}
      propertyPath: m_LocalPosition.x
      value: 4.6000004
      objectReference: {fileID: 0}
    - target: {fileID: 3333659074766573024, guid: 7f160c4e78c37dc44aec02aaa7aab321,
        type: 3}
      propertyPath: m_LocalPosition.y
      value: 5
      objectReference: {fileID: 0}
    - target: {fileID: 3333659074766573024, guid: 7f160c4e78c37dc44aec02aaa7aab321,
        type: 3}
      propertyPath: m_LocalPosition.z
      value: 16.8
      objectReference: {fileID: 0}
    - target: {fileID: 3333659074766573024, guid: 7f160c4e78c37dc44aec02aaa7aab321,
        type: 3}
      propertyPath: m_LocalRotation.x
      value: -0
      objectReference: {fileID: 0}
    - target: {fileID: 3333659074766573024, guid: 7f160c4e78c37dc44aec02aaa7aab321,
        type: 3}
      propertyPath: m_LocalRotation.y
      value: -0
      objectReference: {fileID: 0}
    - target: {fileID: 3333659074766573024, guid: 7f160c4e78c37dc44aec02aaa7aab321,
        type: 3}
      propertyPath: m_LocalRotation.z
      value: -0
      objectReference: {fileID: 0}
    - target: {fileID: 3333659074766573024, guid: 7f160c4e78c37dc44aec02aaa7aab321,
        type: 3}
      propertyPath: m_LocalRotation.w
      value: 1
      objectReference: {fileID: 0}
    - target: {fileID: 3333659074766573024, guid: 7f160c4e78c37dc44aec02aaa7aab321,
        type: 3}
      propertyPath: m_RootOrder
      value: 6
      objectReference: {fileID: 0}
    - target: {fileID: 3333659074766573024, guid: 7f160c4e78c37dc44aec02aaa7aab321,
        type: 3}
      propertyPath: m_LocalEulerAnglesHint.x
      value: 0
      objectReference: {fileID: 0}
    - target: {fileID: 3333659074766573024, guid: 7f160c4e78c37dc44aec02aaa7aab321,
        type: 3}
      propertyPath: m_LocalEulerAnglesHint.y
      value: 0
      objectReference: {fileID: 0}
    - target: {fileID: 3333659074766573024, guid: 7f160c4e78c37dc44aec02aaa7aab321,
        type: 3}
      propertyPath: m_LocalEulerAnglesHint.z
      value: 0
      objectReference: {fileID: 0}
    - target: {fileID: 3333659074766573025, guid: 7f160c4e78c37dc44aec02aaa7aab321,
        type: 3}
      propertyPath: m_Name
      value: Cube (14)
      objectReference: {fileID: 0}
    m_RemovedComponents: []
  m_SourcePrefab: {fileID: 100100000, guid: 7f160c4e78c37dc44aec02aaa7aab321, type: 3}
--- !u!114 &2151967037939948700 stripped
MonoBehaviour:
  m_CorrespondingSourceObject: {fileID: 3333659074766572575, guid: 7f160c4e78c37dc44aec02aaa7aab321,
    type: 3}
  m_PrefabInstance: {fileID: 3719652073910472835}
  m_PrefabAsset: {fileID: 0}
  m_GameObject: {fileID: 0}
  m_Enabled: 1
  m_EditorHideFlags: 0
  m_Script: {fileID: 11500000, guid: 1753348002b07884f8e24f7c59cbdd65, type: 3}
  m_Name: 
  m_EditorClassIdentifier: 
--- !u!4 &2151967037939948899 stripped
Transform:
  m_CorrespondingSourceObject: {fileID: 3333659074766573024, guid: 7f160c4e78c37dc44aec02aaa7aab321,
    type: 3}
  m_PrefabInstance: {fileID: 3719652073910472835}
  m_PrefabAsset: {fileID: 0}
--- !u!1001 &6303756822277330784
PrefabInstance:
  m_ObjectHideFlags: 0
  serializedVersion: 2
  m_Modification:
    m_TransformParent: {fileID: 5319513972334052256}
    m_Modifications:
    - target: {fileID: 5203091074161772808, guid: 4eb5334f683d0714db7bc3ee890336a9,
        type: 3}
      propertyPath: m_LocalPosition.x
      value: 4.5
      objectReference: {fileID: 0}
    - target: {fileID: 5203091074161772808, guid: 4eb5334f683d0714db7bc3ee890336a9,
        type: 3}
      propertyPath: m_LocalPosition.y
      value: 3.29
      objectReference: {fileID: 0}
    - target: {fileID: 5203091074161772808, guid: 4eb5334f683d0714db7bc3ee890336a9,
        type: 3}
      propertyPath: m_LocalPosition.z
      value: 0
      objectReference: {fileID: 0}
    - target: {fileID: 5203091074161772808, guid: 4eb5334f683d0714db7bc3ee890336a9,
        type: 3}
      propertyPath: m_LocalRotation.x
      value: -0
      objectReference: {fileID: 0}
    - target: {fileID: 5203091074161772808, guid: 4eb5334f683d0714db7bc3ee890336a9,
        type: 3}
      propertyPath: m_LocalRotation.y
      value: -0
      objectReference: {fileID: 0}
    - target: {fileID: 5203091074161772808, guid: 4eb5334f683d0714db7bc3ee890336a9,
        type: 3}
      propertyPath: m_LocalRotation.z
      value: -0
      objectReference: {fileID: 0}
    - target: {fileID: 5203091074161772808, guid: 4eb5334f683d0714db7bc3ee890336a9,
        type: 3}
      propertyPath: m_LocalRotation.w
      value: 1
      objectReference: {fileID: 0}
    - target: {fileID: 5203091074161772808, guid: 4eb5334f683d0714db7bc3ee890336a9,
        type: 3}
      propertyPath: m_RootOrder
      value: 0
      objectReference: {fileID: 0}
    - target: {fileID: 5203091074161772808, guid: 4eb5334f683d0714db7bc3ee890336a9,
        type: 3}
      propertyPath: m_LocalEulerAnglesHint.x
      value: 0
      objectReference: {fileID: 0}
    - target: {fileID: 5203091074161772808, guid: 4eb5334f683d0714db7bc3ee890336a9,
        type: 3}
      propertyPath: m_LocalEulerAnglesHint.y
      value: 0
      objectReference: {fileID: 0}
    - target: {fileID: 5203091074161772808, guid: 4eb5334f683d0714db7bc3ee890336a9,
        type: 3}
      propertyPath: m_LocalEulerAnglesHint.z
      value: 0
      objectReference: {fileID: 0}
    - target: {fileID: 5203091074161772809, guid: 4eb5334f683d0714db7bc3ee890336a9,
        type: 3}
      propertyPath: m_Size.z
      value: 18.16
      objectReference: {fileID: 0}
    - target: {fileID: 5203091074161772809, guid: 4eb5334f683d0714db7bc3ee890336a9,
        type: 3}
      propertyPath: m_Size.x
      value: 13.6
      objectReference: {fileID: 0}
    - target: {fileID: 5203091074161772811, guid: 4eb5334f683d0714db7bc3ee890336a9,
        type: 3}
      propertyPath: m_Name
      value: WeightItemStack (3)
      objectReference: {fileID: 0}
    - target: {fileID: 5203091074161772814, guid: 4eb5334f683d0714db7bc3ee890336a9,
        type: 3}
      propertyPath: WeightCubes.Array.size
      value: 2
      objectReference: {fileID: 0}
    - target: {fileID: 5203091074161772814, guid: 4eb5334f683d0714db7bc3ee890336a9,
        type: 3}
      propertyPath: WeightCubes.Array.data[0]
      value: 
      objectReference: {fileID: 6176596246689883131}
    - target: {fileID: 5203091074161772814, guid: 4eb5334f683d0714db7bc3ee890336a9,
        type: 3}
      propertyPath: WeightCubes.Array.data[1]
      value: 
      objectReference: {fileID: 5461250968016360973}
    - target: {fileID: 5203091074161772814, guid: 4eb5334f683d0714db7bc3ee890336a9,
        type: 3}
      propertyPath: _rotateAmount.z
      value: -1
      objectReference: {fileID: 0}
    - target: {fileID: 5203091074161772814, guid: 4eb5334f683d0714db7bc3ee890336a9,
        type: 3}
      propertyPath: WeightCubes.Array.data[2]
      value: 
      objectReference: {fileID: 0}
    m_RemovedComponents: []
  m_SourcePrefab: {fileID: 100100000, guid: 4eb5334f683d0714db7bc3ee890336a9, type: 3}
--- !u!4 &2255853359110168168 stripped
Transform:
  m_CorrespondingSourceObject: {fileID: 5203091074161772808, guid: 4eb5334f683d0714db7bc3ee890336a9,
    type: 3}
  m_PrefabInstance: {fileID: 6303756822277330784}
  m_PrefabAsset: {fileID: 0}
--- !u!1001 &6793275518829228506
PrefabInstance:
  m_ObjectHideFlags: 0
  serializedVersion: 2
  m_Modification:
    m_TransformParent: {fileID: 616378463517750450}
    m_Modifications:
    - target: {fileID: 5203091074161772808, guid: 4eb5334f683d0714db7bc3ee890336a9,
        type: 3}
      propertyPath: m_LocalPosition.x
      value: 5.6
      objectReference: {fileID: 0}
    - target: {fileID: 5203091074161772808, guid: 4eb5334f683d0714db7bc3ee890336a9,
        type: 3}
      propertyPath: m_LocalPosition.y
      value: 3.29
      objectReference: {fileID: 0}
    - target: {fileID: 5203091074161772808, guid: 4eb5334f683d0714db7bc3ee890336a9,
        type: 3}
      propertyPath: m_LocalPosition.z
      value: 0
      objectReference: {fileID: 0}
    - target: {fileID: 5203091074161772808, guid: 4eb5334f683d0714db7bc3ee890336a9,
        type: 3}
      propertyPath: m_LocalRotation.x
      value: -0
      objectReference: {fileID: 0}
    - target: {fileID: 5203091074161772808, guid: 4eb5334f683d0714db7bc3ee890336a9,
        type: 3}
      propertyPath: m_LocalRotation.y
      value: -0
      objectReference: {fileID: 0}
    - target: {fileID: 5203091074161772808, guid: 4eb5334f683d0714db7bc3ee890336a9,
        type: 3}
      propertyPath: m_LocalRotation.z
      value: -0
      objectReference: {fileID: 0}
    - target: {fileID: 5203091074161772808, guid: 4eb5334f683d0714db7bc3ee890336a9,
        type: 3}
      propertyPath: m_LocalRotation.w
      value: 1
      objectReference: {fileID: 0}
    - target: {fileID: 5203091074161772808, guid: 4eb5334f683d0714db7bc3ee890336a9,
        type: 3}
      propertyPath: m_RootOrder
      value: 0
      objectReference: {fileID: 0}
    - target: {fileID: 5203091074161772808, guid: 4eb5334f683d0714db7bc3ee890336a9,
        type: 3}
      propertyPath: m_LocalEulerAnglesHint.x
      value: 0
      objectReference: {fileID: 0}
    - target: {fileID: 5203091074161772808, guid: 4eb5334f683d0714db7bc3ee890336a9,
        type: 3}
      propertyPath: m_LocalEulerAnglesHint.y
      value: 0
      objectReference: {fileID: 0}
    - target: {fileID: 5203091074161772808, guid: 4eb5334f683d0714db7bc3ee890336a9,
        type: 3}
      propertyPath: m_LocalEulerAnglesHint.z
      value: 0
      objectReference: {fileID: 0}
    - target: {fileID: 5203091074161772809, guid: 4eb5334f683d0714db7bc3ee890336a9,
        type: 3}
      propertyPath: m_Size.z
      value: 19.17
      objectReference: {fileID: 0}
    - target: {fileID: 5203091074161772811, guid: 4eb5334f683d0714db7bc3ee890336a9,
        type: 3}
      propertyPath: m_Name
      value: WeightItemStack (3)
      objectReference: {fileID: 0}
    - target: {fileID: 5203091074161772814, guid: 4eb5334f683d0714db7bc3ee890336a9,
        type: 3}
      propertyPath: WeightCubes.Array.size
      value: 2
      objectReference: {fileID: 0}
    - target: {fileID: 5203091074161772814, guid: 4eb5334f683d0714db7bc3ee890336a9,
        type: 3}
      propertyPath: WeightCubes.Array.data[0]
      value: 
      objectReference: {fileID: 5315519922685206284}
    - target: {fileID: 5203091074161772814, guid: 4eb5334f683d0714db7bc3ee890336a9,
        type: 3}
      propertyPath: WeightCubes.Array.data[1]
      value: 
      objectReference: {fileID: 856353537358367542}
    - target: {fileID: 5203091074161772814, guid: 4eb5334f683d0714db7bc3ee890336a9,
        type: 3}
      propertyPath: _rotateAmount.z
      value: 0
      objectReference: {fileID: 0}
    - target: {fileID: 5203091074161772814, guid: 4eb5334f683d0714db7bc3ee890336a9,
        type: 3}
      propertyPath: WeightCubes.Array.data[2]
      value: 
      objectReference: {fileID: 0}
    - target: {fileID: 5203091074161772814, guid: 4eb5334f683d0714db7bc3ee890336a9,
        type: 3}
      propertyPath: _rotateAmount.x
      value: -1
      objectReference: {fileID: 0}
    m_RemovedComponents: []
  m_SourcePrefab: {fileID: 100100000, guid: 4eb5334f683d0714db7bc3ee890336a9, type: 3}
--- !u!4 &1617786037240035538 stripped
Transform:
  m_CorrespondingSourceObject: {fileID: 5203091074161772808, guid: 4eb5334f683d0714db7bc3ee890336a9,
    type: 3}
  m_PrefabInstance: {fileID: 6793275518829228506}
  m_PrefabAsset: {fileID: 0}
--- !u!1001 &6814981174363505467
PrefabInstance:
  m_ObjectHideFlags: 0
  serializedVersion: 2
  m_Modification:
    m_TransformParent: {fileID: 5319513972544263688}
    m_Modifications:
    - target: {fileID: 6454005894997491900, guid: 5c9fcdb5395505e4eb2ddf10521b84ea,
        type: 3}
      propertyPath: m_LocalPosition.x
      value: 0.793
      objectReference: {fileID: 0}
    - target: {fileID: 6454005894997491900, guid: 5c9fcdb5395505e4eb2ddf10521b84ea,
        type: 3}
      propertyPath: m_LocalPosition.y
      value: 1.5
      objectReference: {fileID: 0}
    - target: {fileID: 6454005894997491900, guid: 5c9fcdb5395505e4eb2ddf10521b84ea,
        type: 3}
      propertyPath: m_LocalPosition.z
      value: 0.13
      objectReference: {fileID: 0}
    - target: {fileID: 6454005894997491900, guid: 5c9fcdb5395505e4eb2ddf10521b84ea,
        type: 3}
      propertyPath: m_LocalRotation.x
      value: 0
      objectReference: {fileID: 0}
    - target: {fileID: 6454005894997491900, guid: 5c9fcdb5395505e4eb2ddf10521b84ea,
        type: 3}
      propertyPath: m_LocalRotation.y
      value: -0
      objectReference: {fileID: 0}
    - target: {fileID: 6454005894997491900, guid: 5c9fcdb5395505e4eb2ddf10521b84ea,
        type: 3}
      propertyPath: m_LocalRotation.z
      value: -0
      objectReference: {fileID: 0}
    - target: {fileID: 6454005894997491900, guid: 5c9fcdb5395505e4eb2ddf10521b84ea,
        type: 3}
      propertyPath: m_LocalRotation.w
      value: 1
      objectReference: {fileID: 0}
    - target: {fileID: 6454005894997491900, guid: 5c9fcdb5395505e4eb2ddf10521b84ea,
        type: 3}
      propertyPath: m_RootOrder
      value: 0
      objectReference: {fileID: 0}
    - target: {fileID: 6454005894997491900, guid: 5c9fcdb5395505e4eb2ddf10521b84ea,
        type: 3}
      propertyPath: m_LocalEulerAnglesHint.x
      value: 0
      objectReference: {fileID: 0}
    - target: {fileID: 6454005894997491900, guid: 5c9fcdb5395505e4eb2ddf10521b84ea,
        type: 3}
      propertyPath: m_LocalEulerAnglesHint.y
      value: 0
      objectReference: {fileID: 0}
    - target: {fileID: 6454005894997491900, guid: 5c9fcdb5395505e4eb2ddf10521b84ea,
        type: 3}
      propertyPath: m_LocalEulerAnglesHint.z
      value: 0
      objectReference: {fileID: 0}
    - target: {fileID: 6454005894997491900, guid: 5c9fcdb5395505e4eb2ddf10521b84ea,
        type: 3}
      propertyPath: m_LocalScale.x
      value: 65.52695
      objectReference: {fileID: 0}
    - target: {fileID: 6454005894997491900, guid: 5c9fcdb5395505e4eb2ddf10521b84ea,
        type: 3}
      propertyPath: m_LocalScale.y
      value: 65.52695
      objectReference: {fileID: 0}
    - target: {fileID: 6454005894997491900, guid: 5c9fcdb5395505e4eb2ddf10521b84ea,
        type: 3}
      propertyPath: m_LocalScale.z
      value: 65.52695
      objectReference: {fileID: 0}
    - target: {fileID: 8055362974670172847, guid: 5c9fcdb5395505e4eb2ddf10521b84ea,
        type: 3}
      propertyPath: m_Name
      value: O_Platform
      objectReference: {fileID: 0}
    m_RemovedComponents: []
  m_SourcePrefab: {fileID: 100100000, guid: 5c9fcdb5395505e4eb2ddf10521b84ea, type: 3}
--- !u!1 &2001961578354648236 stripped
GameObject:
  m_CorrespondingSourceObject: {fileID: 4997808352381003671, guid: 5c9fcdb5395505e4eb2ddf10521b84ea,
    type: 3}
  m_PrefabInstance: {fileID: 6814981174363505467}
  m_PrefabAsset: {fileID: 0}
--- !u!4 &505126018398487431 stripped
Transform:
  m_CorrespondingSourceObject: {fileID: 6454005894997491900, guid: 5c9fcdb5395505e4eb2ddf10521b84ea,
    type: 3}
  m_PrefabInstance: {fileID: 6814981174363505467}
  m_PrefabAsset: {fileID: 0}
--- !u!1001 &7274062651253524357
PrefabInstance:
  m_ObjectHideFlags: 0
  serializedVersion: 2
  m_Modification:
    m_TransformParent: {fileID: 5319513973949006578}
    m_Modifications:
    - target: {fileID: 3333659074766572575, guid: 7f160c4e78c37dc44aec02aaa7aab321,
        type: 3}
      propertyPath: _colorId
      value: 3
      objectReference: {fileID: 0}
    - target: {fileID: 3333659074766573024, guid: 7f160c4e78c37dc44aec02aaa7aab321,
        type: 3}
      propertyPath: m_LocalPosition.x
      value: 4.6000004
      objectReference: {fileID: 0}
    - target: {fileID: 3333659074766573024, guid: 7f160c4e78c37dc44aec02aaa7aab321,
        type: 3}
      propertyPath: m_LocalPosition.y
      value: 5
      objectReference: {fileID: 0}
    - target: {fileID: 3333659074766573024, guid: 7f160c4e78c37dc44aec02aaa7aab321,
        type: 3}
      propertyPath: m_LocalPosition.z
      value: 16.8
      objectReference: {fileID: 0}
    - target: {fileID: 3333659074766573024, guid: 7f160c4e78c37dc44aec02aaa7aab321,
        type: 3}
      propertyPath: m_LocalRotation.x
      value: -0
      objectReference: {fileID: 0}
    - target: {fileID: 3333659074766573024, guid: 7f160c4e78c37dc44aec02aaa7aab321,
        type: 3}
      propertyPath: m_LocalRotation.y
      value: -0
      objectReference: {fileID: 0}
    - target: {fileID: 3333659074766573024, guid: 7f160c4e78c37dc44aec02aaa7aab321,
        type: 3}
      propertyPath: m_LocalRotation.z
      value: -0
      objectReference: {fileID: 0}
    - target: {fileID: 3333659074766573024, guid: 7f160c4e78c37dc44aec02aaa7aab321,
        type: 3}
      propertyPath: m_LocalRotation.w
      value: 1
      objectReference: {fileID: 0}
    - target: {fileID: 3333659074766573024, guid: 7f160c4e78c37dc44aec02aaa7aab321,
        type: 3}
      propertyPath: m_RootOrder
      value: 3
      objectReference: {fileID: 0}
    - target: {fileID: 3333659074766573024, guid: 7f160c4e78c37dc44aec02aaa7aab321,
        type: 3}
      propertyPath: m_LocalEulerAnglesHint.x
      value: 0
      objectReference: {fileID: 0}
    - target: {fileID: 3333659074766573024, guid: 7f160c4e78c37dc44aec02aaa7aab321,
        type: 3}
      propertyPath: m_LocalEulerAnglesHint.y
      value: 0
      objectReference: {fileID: 0}
    - target: {fileID: 3333659074766573024, guid: 7f160c4e78c37dc44aec02aaa7aab321,
        type: 3}
      propertyPath: m_LocalEulerAnglesHint.z
      value: 0
      objectReference: {fileID: 0}
    - target: {fileID: 3333659074766573025, guid: 7f160c4e78c37dc44aec02aaa7aab321,
        type: 3}
      propertyPath: m_Name
      value: Cube (11)
      objectReference: {fileID: 0}
    m_RemovedComponents: []
  m_SourcePrefab: {fileID: 100100000, guid: 7f160c4e78c37dc44aec02aaa7aab321, type: 3}
--- !u!4 &5382118441830255205 stripped
Transform:
  m_CorrespondingSourceObject: {fileID: 3333659074766573024, guid: 7f160c4e78c37dc44aec02aaa7aab321,
    type: 3}
  m_PrefabInstance: {fileID: 7274062651253524357}
  m_PrefabAsset: {fileID: 0}
--- !u!114 &5382118441830255514 stripped
MonoBehaviour:
  m_CorrespondingSourceObject: {fileID: 3333659074766572575, guid: 7f160c4e78c37dc44aec02aaa7aab321,
    type: 3}
  m_PrefabInstance: {fileID: 7274062651253524357}
  m_PrefabAsset: {fileID: 0}
  m_GameObject: {fileID: 0}
  m_Enabled: 1
  m_EditorHideFlags: 0
  m_Script: {fileID: 11500000, guid: 1753348002b07884f8e24f7c59cbdd65, type: 3}
  m_Name: 
  m_EditorClassIdentifier: 
--- !u!1001 &7316602915020839442
PrefabInstance:
  m_ObjectHideFlags: 0
  serializedVersion: 2
  m_Modification:
    m_TransformParent: {fileID: 5319513973949006578}
    m_Modifications:
    - target: {fileID: 3333659074766572575, guid: 7f160c4e78c37dc44aec02aaa7aab321,
        type: 3}
      propertyPath: _colorId
      value: 1
      objectReference: {fileID: 0}
    - target: {fileID: 3333659074766573024, guid: 7f160c4e78c37dc44aec02aaa7aab321,
        type: 3}
      propertyPath: m_LocalPosition.x
      value: 4.6000004
      objectReference: {fileID: 0}
    - target: {fileID: 3333659074766573024, guid: 7f160c4e78c37dc44aec02aaa7aab321,
        type: 3}
      propertyPath: m_LocalPosition.y
      value: 5
      objectReference: {fileID: 0}
    - target: {fileID: 3333659074766573024, guid: 7f160c4e78c37dc44aec02aaa7aab321,
        type: 3}
      propertyPath: m_LocalPosition.z
      value: 16.8
      objectReference: {fileID: 0}
    - target: {fileID: 3333659074766573024, guid: 7f160c4e78c37dc44aec02aaa7aab321,
        type: 3}
      propertyPath: m_LocalRotation.x
      value: -0
      objectReference: {fileID: 0}
    - target: {fileID: 3333659074766573024, guid: 7f160c4e78c37dc44aec02aaa7aab321,
        type: 3}
      propertyPath: m_LocalRotation.y
      value: -0
      objectReference: {fileID: 0}
    - target: {fileID: 3333659074766573024, guid: 7f160c4e78c37dc44aec02aaa7aab321,
        type: 3}
      propertyPath: m_LocalRotation.z
      value: -0
      objectReference: {fileID: 0}
    - target: {fileID: 3333659074766573024, guid: 7f160c4e78c37dc44aec02aaa7aab321,
        type: 3}
      propertyPath: m_LocalRotation.w
      value: 1
      objectReference: {fileID: 0}
    - target: {fileID: 3333659074766573024, guid: 7f160c4e78c37dc44aec02aaa7aab321,
        type: 3}
      propertyPath: m_RootOrder
      value: 1
      objectReference: {fileID: 0}
    - target: {fileID: 3333659074766573024, guid: 7f160c4e78c37dc44aec02aaa7aab321,
        type: 3}
      propertyPath: m_LocalEulerAnglesHint.x
      value: 0
      objectReference: {fileID: 0}
    - target: {fileID: 3333659074766573024, guid: 7f160c4e78c37dc44aec02aaa7aab321,
        type: 3}
      propertyPath: m_LocalEulerAnglesHint.y
      value: 0
      objectReference: {fileID: 0}
    - target: {fileID: 3333659074766573024, guid: 7f160c4e78c37dc44aec02aaa7aab321,
        type: 3}
      propertyPath: m_LocalEulerAnglesHint.z
      value: 0
      objectReference: {fileID: 0}
    - target: {fileID: 3333659074766573025, guid: 7f160c4e78c37dc44aec02aaa7aab321,
        type: 3}
      propertyPath: m_Name
      value: Cube (9)
      objectReference: {fileID: 0}
    m_RemovedComponents: []
  m_SourcePrefab: {fileID: 100100000, guid: 7f160c4e78c37dc44aec02aaa7aab321, type: 3}
--- !u!114 &5461250968016360973 stripped
MonoBehaviour:
  m_CorrespondingSourceObject: {fileID: 3333659074766572575, guid: 7f160c4e78c37dc44aec02aaa7aab321,
    type: 3}
  m_PrefabInstance: {fileID: 7316602915020839442}
  m_PrefabAsset: {fileID: 0}
  m_GameObject: {fileID: 0}
  m_Enabled: 1
  m_EditorHideFlags: 0
  m_Script: {fileID: 11500000, guid: 1753348002b07884f8e24f7c59cbdd65, type: 3}
  m_Name: 
  m_EditorClassIdentifier: 
--- !u!4 &5461250968016361458 stripped
Transform:
  m_CorrespondingSourceObject: {fileID: 3333659074766573024, guid: 7f160c4e78c37dc44aec02aaa7aab321,
    type: 3}
  m_PrefabInstance: {fileID: 7316602915020839442}
  m_PrefabAsset: {fileID: 0}
--- !u!1001 &7459944986924143379
PrefabInstance:
  m_ObjectHideFlags: 0
  serializedVersion: 2
  m_Modification:
    m_TransformParent: {fileID: 5319513973949006578}
    m_Modifications:
    - target: {fileID: 3333659074766572575, guid: 7f160c4e78c37dc44aec02aaa7aab321,
        type: 3}
      propertyPath: _colorId
      value: 0
      objectReference: {fileID: 0}
    - target: {fileID: 3333659074766573024, guid: 7f160c4e78c37dc44aec02aaa7aab321,
        type: 3}
      propertyPath: m_LocalPosition.x
      value: 4.6000004
      objectReference: {fileID: 0}
    - target: {fileID: 3333659074766573024, guid: 7f160c4e78c37dc44aec02aaa7aab321,
        type: 3}
      propertyPath: m_LocalPosition.y
      value: 5
      objectReference: {fileID: 0}
    - target: {fileID: 3333659074766573024, guid: 7f160c4e78c37dc44aec02aaa7aab321,
        type: 3}
      propertyPath: m_LocalPosition.z
      value: 16.8
      objectReference: {fileID: 0}
    - target: {fileID: 3333659074766573024, guid: 7f160c4e78c37dc44aec02aaa7aab321,
        type: 3}
      propertyPath: m_LocalRotation.x
      value: -0
      objectReference: {fileID: 0}
    - target: {fileID: 3333659074766573024, guid: 7f160c4e78c37dc44aec02aaa7aab321,
        type: 3}
      propertyPath: m_LocalRotation.y
      value: -0
      objectReference: {fileID: 0}
    - target: {fileID: 3333659074766573024, guid: 7f160c4e78c37dc44aec02aaa7aab321,
        type: 3}
      propertyPath: m_LocalRotation.z
      value: -0
      objectReference: {fileID: 0}
    - target: {fileID: 3333659074766573024, guid: 7f160c4e78c37dc44aec02aaa7aab321,
        type: 3}
      propertyPath: m_LocalRotation.w
      value: 1
      objectReference: {fileID: 0}
    - target: {fileID: 3333659074766573024, guid: 7f160c4e78c37dc44aec02aaa7aab321,
        type: 3}
      propertyPath: m_RootOrder
      value: 4
      objectReference: {fileID: 0}
    - target: {fileID: 3333659074766573024, guid: 7f160c4e78c37dc44aec02aaa7aab321,
        type: 3}
      propertyPath: m_LocalEulerAnglesHint.x
      value: 0
      objectReference: {fileID: 0}
    - target: {fileID: 3333659074766573024, guid: 7f160c4e78c37dc44aec02aaa7aab321,
        type: 3}
      propertyPath: m_LocalEulerAnglesHint.y
      value: 0
      objectReference: {fileID: 0}
    - target: {fileID: 3333659074766573024, guid: 7f160c4e78c37dc44aec02aaa7aab321,
        type: 3}
      propertyPath: m_LocalEulerAnglesHint.z
      value: 0
      objectReference: {fileID: 0}
    - target: {fileID: 3333659074766573025, guid: 7f160c4e78c37dc44aec02aaa7aab321,
        type: 3}
      propertyPath: m_Name
      value: Cube (12)
      objectReference: {fileID: 0}
    m_RemovedComponents: []
  m_SourcePrefab: {fileID: 100100000, guid: 7f160c4e78c37dc44aec02aaa7aab321, type: 3}
--- !u!4 &5315519922685206259 stripped
Transform:
  m_CorrespondingSourceObject: {fileID: 3333659074766573024, guid: 7f160c4e78c37dc44aec02aaa7aab321,
    type: 3}
  m_PrefabInstance: {fileID: 7459944986924143379}
  m_PrefabAsset: {fileID: 0}
--- !u!114 &5315519922685206284 stripped
MonoBehaviour:
  m_CorrespondingSourceObject: {fileID: 3333659074766572575, guid: 7f160c4e78c37dc44aec02aaa7aab321,
    type: 3}
  m_PrefabInstance: {fileID: 7459944986924143379}
  m_PrefabAsset: {fileID: 0}
  m_GameObject: {fileID: 0}
  m_Enabled: 1
  m_EditorHideFlags: 0
  m_Script: {fileID: 11500000, guid: 1753348002b07884f8e24f7c59cbdd65, type: 3}
  m_Name: 
  m_EditorClassIdentifier: 
--- !u!1001 &7811405122097042084
PrefabInstance:
  m_ObjectHideFlags: 0
  serializedVersion: 2
  m_Modification:
    m_TransformParent: {fileID: 5319513972122111498}
    m_Modifications:
    - target: {fileID: 5203091074161772808, guid: 4eb5334f683d0714db7bc3ee890336a9,
        type: 3}
      propertyPath: m_LocalPosition.x
      value: -4.5
      objectReference: {fileID: 0}
    - target: {fileID: 5203091074161772808, guid: 4eb5334f683d0714db7bc3ee890336a9,
        type: 3}
      propertyPath: m_LocalPosition.y
      value: 3.29
      objectReference: {fileID: 0}
    - target: {fileID: 5203091074161772808, guid: 4eb5334f683d0714db7bc3ee890336a9,
        type: 3}
      propertyPath: m_LocalPosition.z
      value: 0
      objectReference: {fileID: 0}
    - target: {fileID: 5203091074161772808, guid: 4eb5334f683d0714db7bc3ee890336a9,
        type: 3}
      propertyPath: m_LocalRotation.x
      value: -0
      objectReference: {fileID: 0}
    - target: {fileID: 5203091074161772808, guid: 4eb5334f683d0714db7bc3ee890336a9,
        type: 3}
      propertyPath: m_LocalRotation.y
      value: -0
      objectReference: {fileID: 0}
    - target: {fileID: 5203091074161772808, guid: 4eb5334f683d0714db7bc3ee890336a9,
        type: 3}
      propertyPath: m_LocalRotation.z
      value: -0
      objectReference: {fileID: 0}
    - target: {fileID: 5203091074161772808, guid: 4eb5334f683d0714db7bc3ee890336a9,
        type: 3}
      propertyPath: m_LocalRotation.w
      value: 1
      objectReference: {fileID: 0}
    - target: {fileID: 5203091074161772808, guid: 4eb5334f683d0714db7bc3ee890336a9,
        type: 3}
      propertyPath: m_RootOrder
      value: 0
      objectReference: {fileID: 0}
    - target: {fileID: 5203091074161772808, guid: 4eb5334f683d0714db7bc3ee890336a9,
        type: 3}
      propertyPath: m_LocalEulerAnglesHint.x
      value: 0
      objectReference: {fileID: 0}
    - target: {fileID: 5203091074161772808, guid: 4eb5334f683d0714db7bc3ee890336a9,
        type: 3}
      propertyPath: m_LocalEulerAnglesHint.y
      value: 0
      objectReference: {fileID: 0}
    - target: {fileID: 5203091074161772808, guid: 4eb5334f683d0714db7bc3ee890336a9,
        type: 3}
      propertyPath: m_LocalEulerAnglesHint.z
      value: 0
      objectReference: {fileID: 0}
    - target: {fileID: 5203091074161772809, guid: 4eb5334f683d0714db7bc3ee890336a9,
        type: 3}
      propertyPath: m_Size.z
      value: 17.76
      objectReference: {fileID: 0}
    - target: {fileID: 5203091074161772809, guid: 4eb5334f683d0714db7bc3ee890336a9,
        type: 3}
      propertyPath: m_Size.x
      value: 12.8
      objectReference: {fileID: 0}
    - target: {fileID: 5203091074161772811, guid: 4eb5334f683d0714db7bc3ee890336a9,
        type: 3}
      propertyPath: m_Name
      value: WeightItemStack (3)
      objectReference: {fileID: 0}
    - target: {fileID: 5203091074161772814, guid: 4eb5334f683d0714db7bc3ee890336a9,
        type: 3}
      propertyPath: WeightCubes.Array.size
      value: 2
      objectReference: {fileID: 0}
    - target: {fileID: 5203091074161772814, guid: 4eb5334f683d0714db7bc3ee890336a9,
        type: 3}
      propertyPath: WeightCubes.Array.data[0]
      value: 
      objectReference: {fileID: 6761030426368453609}
    - target: {fileID: 5203091074161772814, guid: 4eb5334f683d0714db7bc3ee890336a9,
        type: 3}
      propertyPath: WeightCubes.Array.data[1]
      value: 
      objectReference: {fileID: 5382118441830255514}
    - target: {fileID: 5203091074161772814, guid: 4eb5334f683d0714db7bc3ee890336a9,
        type: 3}
      propertyPath: _rotateAmount.z
      value: 1
      objectReference: {fileID: 0}
    - target: {fileID: 5203091074161772814, guid: 4eb5334f683d0714db7bc3ee890336a9,
        type: 3}
      propertyPath: WeightCubes.Array.data[2]
      value: 
      objectReference: {fileID: 0}
    m_RemovedComponents: []
  m_SourcePrefab: {fileID: 100100000, guid: 4eb5334f683d0714db7bc3ee890336a9, type: 3}
--- !u!4 &2617356994208193452 stripped
Transform:
  m_CorrespondingSourceObject: {fileID: 5203091074161772808, guid: 4eb5334f683d0714db7bc3ee890336a9,
    type: 3}
  m_PrefabInstance: {fileID: 7811405122097042084}
  m_PrefabAsset: {fileID: 0}
--- !u!1001 &8329275698123679734
PrefabInstance:
  m_ObjectHideFlags: 0
  serializedVersion: 2
  m_Modification:
    m_TransformParent: {fileID: 5319513973949006578}
    m_Modifications:
    - target: {fileID: 3333659074766572575, guid: 7f160c4e78c37dc44aec02aaa7aab321,
        type: 3}
      propertyPath: _colorId
      value: 2
      objectReference: {fileID: 0}
    - target: {fileID: 3333659074766573024, guid: 7f160c4e78c37dc44aec02aaa7aab321,
        type: 3}
      propertyPath: m_LocalPosition.x
      value: 4.6000004
      objectReference: {fileID: 0}
    - target: {fileID: 3333659074766573024, guid: 7f160c4e78c37dc44aec02aaa7aab321,
        type: 3}
      propertyPath: m_LocalPosition.y
      value: 5
      objectReference: {fileID: 0}
    - target: {fileID: 3333659074766573024, guid: 7f160c4e78c37dc44aec02aaa7aab321,
        type: 3}
      propertyPath: m_LocalPosition.z
      value: 16.8
      objectReference: {fileID: 0}
    - target: {fileID: 3333659074766573024, guid: 7f160c4e78c37dc44aec02aaa7aab321,
        type: 3}
      propertyPath: m_LocalRotation.x
      value: -0
      objectReference: {fileID: 0}
    - target: {fileID: 3333659074766573024, guid: 7f160c4e78c37dc44aec02aaa7aab321,
        type: 3}
      propertyPath: m_LocalRotation.y
      value: -0
      objectReference: {fileID: 0}
    - target: {fileID: 3333659074766573024, guid: 7f160c4e78c37dc44aec02aaa7aab321,
        type: 3}
      propertyPath: m_LocalRotation.z
      value: -0
      objectReference: {fileID: 0}
    - target: {fileID: 3333659074766573024, guid: 7f160c4e78c37dc44aec02aaa7aab321,
        type: 3}
      propertyPath: m_LocalRotation.w
      value: 1
      objectReference: {fileID: 0}
    - target: {fileID: 3333659074766573024, guid: 7f160c4e78c37dc44aec02aaa7aab321,
        type: 3}
      propertyPath: m_RootOrder
      value: 2
      objectReference: {fileID: 0}
    - target: {fileID: 3333659074766573024, guid: 7f160c4e78c37dc44aec02aaa7aab321,
        type: 3}
      propertyPath: m_LocalEulerAnglesHint.x
      value: 0
      objectReference: {fileID: 0}
    - target: {fileID: 3333659074766573024, guid: 7f160c4e78c37dc44aec02aaa7aab321,
        type: 3}
      propertyPath: m_LocalEulerAnglesHint.y
      value: 0
      objectReference: {fileID: 0}
    - target: {fileID: 3333659074766573024, guid: 7f160c4e78c37dc44aec02aaa7aab321,
        type: 3}
      propertyPath: m_LocalEulerAnglesHint.z
      value: 0
      objectReference: {fileID: 0}
    - target: {fileID: 3333659074766573025, guid: 7f160c4e78c37dc44aec02aaa7aab321,
        type: 3}
      propertyPath: m_Name
      value: Cube (10)
      objectReference: {fileID: 0}
    m_RemovedComponents: []
  m_SourcePrefab: {fileID: 100100000, guid: 7f160c4e78c37dc44aec02aaa7aab321, type: 3}
--- !u!4 &6761030426368453142 stripped
Transform:
  m_CorrespondingSourceObject: {fileID: 3333659074766573024, guid: 7f160c4e78c37dc44aec02aaa7aab321,
    type: 3}
  m_PrefabInstance: {fileID: 8329275698123679734}
  m_PrefabAsset: {fileID: 0}
--- !u!114 &6761030426368453609 stripped
MonoBehaviour:
  m_CorrespondingSourceObject: {fileID: 3333659074766572575, guid: 7f160c4e78c37dc44aec02aaa7aab321,
    type: 3}
  m_PrefabInstance: {fileID: 8329275698123679734}
  m_PrefabAsset: {fileID: 0}
  m_GameObject: {fileID: 0}
  m_Enabled: 1
  m_EditorHideFlags: 0
  m_Script: {fileID: 11500000, guid: 1753348002b07884f8e24f7c59cbdd65, type: 3}
  m_Name: 
  m_EditorClassIdentifier: 
--- !u!1001 &8727687897840016609
PrefabInstance:
  m_ObjectHideFlags: 0
  serializedVersion: 2
  m_Modification:
    m_TransformParent: {fileID: 4346256844887949674}
    m_Modifications:
    - target: {fileID: 5203091074161772808, guid: 4eb5334f683d0714db7bc3ee890336a9,
        type: 3}
      propertyPath: m_LocalPosition.x
      value: 5.6
      objectReference: {fileID: 0}
    - target: {fileID: 5203091074161772808, guid: 4eb5334f683d0714db7bc3ee890336a9,
        type: 3}
      propertyPath: m_LocalPosition.y
      value: 3.29
      objectReference: {fileID: 0}
    - target: {fileID: 5203091074161772808, guid: 4eb5334f683d0714db7bc3ee890336a9,
        type: 3}
      propertyPath: m_LocalPosition.z
      value: 0
      objectReference: {fileID: 0}
    - target: {fileID: 5203091074161772808, guid: 4eb5334f683d0714db7bc3ee890336a9,
        type: 3}
      propertyPath: m_LocalRotation.x
      value: -0
      objectReference: {fileID: 0}
    - target: {fileID: 5203091074161772808, guid: 4eb5334f683d0714db7bc3ee890336a9,
        type: 3}
      propertyPath: m_LocalRotation.y
      value: -0
      objectReference: {fileID: 0}
    - target: {fileID: 5203091074161772808, guid: 4eb5334f683d0714db7bc3ee890336a9,
        type: 3}
      propertyPath: m_LocalRotation.z
      value: -0
      objectReference: {fileID: 0}
    - target: {fileID: 5203091074161772808, guid: 4eb5334f683d0714db7bc3ee890336a9,
        type: 3}
      propertyPath: m_LocalRotation.w
      value: 1
      objectReference: {fileID: 0}
    - target: {fileID: 5203091074161772808, guid: 4eb5334f683d0714db7bc3ee890336a9,
        type: 3}
      propertyPath: m_RootOrder
      value: 0
      objectReference: {fileID: 0}
    - target: {fileID: 5203091074161772808, guid: 4eb5334f683d0714db7bc3ee890336a9,
        type: 3}
      propertyPath: m_LocalEulerAnglesHint.x
      value: 0
      objectReference: {fileID: 0}
    - target: {fileID: 5203091074161772808, guid: 4eb5334f683d0714db7bc3ee890336a9,
        type: 3}
      propertyPath: m_LocalEulerAnglesHint.y
      value: 0
      objectReference: {fileID: 0}
    - target: {fileID: 5203091074161772808, guid: 4eb5334f683d0714db7bc3ee890336a9,
        type: 3}
      propertyPath: m_LocalEulerAnglesHint.z
      value: 0
      objectReference: {fileID: 0}
    - target: {fileID: 5203091074161772809, guid: 4eb5334f683d0714db7bc3ee890336a9,
        type: 3}
      propertyPath: m_Size.z
      value: 15
      objectReference: {fileID: 0}
    - target: {fileID: 5203091074161772809, guid: 4eb5334f683d0714db7bc3ee890336a9,
        type: 3}
      propertyPath: m_Size.x
      value: 14.8
      objectReference: {fileID: 0}
    - target: {fileID: 5203091074161772811, guid: 4eb5334f683d0714db7bc3ee890336a9,
        type: 3}
      propertyPath: m_Name
      value: WeightItemStack (3)
      objectReference: {fileID: 0}
    - target: {fileID: 5203091074161772814, guid: 4eb5334f683d0714db7bc3ee890336a9,
        type: 3}
      propertyPath: WeightCubes.Array.size
      value: 2
      objectReference: {fileID: 0}
    - target: {fileID: 5203091074161772814, guid: 4eb5334f683d0714db7bc3ee890336a9,
        type: 3}
      propertyPath: WeightCubes.Array.data[0]
      value: 
      objectReference: {fileID: 2151967037939948700}
    - target: {fileID: 5203091074161772814, guid: 4eb5334f683d0714db7bc3ee890336a9,
        type: 3}
      propertyPath: WeightCubes.Array.data[1]
      value: 
      objectReference: {fileID: 3785440247784191951}
    - target: {fileID: 5203091074161772814, guid: 4eb5334f683d0714db7bc3ee890336a9,
        type: 3}
      propertyPath: _rotateAmount.z
      value: 0
      objectReference: {fileID: 0}
    - target: {fileID: 5203091074161772814, guid: 4eb5334f683d0714db7bc3ee890336a9,
        type: 3}
      propertyPath: WeightCubes.Array.data[2]
      value: 
      objectReference: {fileID: 0}
    - target: {fileID: 5203091074161772814, guid: 4eb5334f683d0714db7bc3ee890336a9,
        type: 3}
      propertyPath: _rotateAmount.x
      value: 1
      objectReference: {fileID: 0}
    m_RemovedComponents: []
  m_SourcePrefab: {fileID: 100100000, guid: 4eb5334f683d0714db7bc3ee890336a9, type: 3}
--- !u!4 &3543187374879135209 stripped
Transform:
  m_CorrespondingSourceObject: {fileID: 5203091074161772808, guid: 4eb5334f683d0714db7bc3ee890336a9,
    type: 3}
  m_PrefabInstance: {fileID: 8727687897840016609}
  m_PrefabAsset: {fileID: 0}
--- !u!1001 &8931804418187079652
PrefabInstance:
  m_ObjectHideFlags: 0
  serializedVersion: 2
  m_Modification:
    m_TransformParent: {fileID: 5319513973949006578}
    m_Modifications:
    - target: {fileID: 3333659074766572575, guid: 7f160c4e78c37dc44aec02aaa7aab321,
        type: 3}
      propertyPath: _colorId
      value: 0
      objectReference: {fileID: 0}
    - target: {fileID: 3333659074766573024, guid: 7f160c4e78c37dc44aec02aaa7aab321,
        type: 3}
      propertyPath: m_LocalPosition.x
      value: 4.6000004
      objectReference: {fileID: 0}
    - target: {fileID: 3333659074766573024, guid: 7f160c4e78c37dc44aec02aaa7aab321,
        type: 3}
      propertyPath: m_LocalPosition.y
      value: 5
      objectReference: {fileID: 0}
    - target: {fileID: 3333659074766573024, guid: 7f160c4e78c37dc44aec02aaa7aab321,
        type: 3}
      propertyPath: m_LocalPosition.z
      value: 16.8
      objectReference: {fileID: 0}
    - target: {fileID: 3333659074766573024, guid: 7f160c4e78c37dc44aec02aaa7aab321,
        type: 3}
      propertyPath: m_LocalRotation.x
      value: -0
      objectReference: {fileID: 0}
    - target: {fileID: 3333659074766573024, guid: 7f160c4e78c37dc44aec02aaa7aab321,
        type: 3}
      propertyPath: m_LocalRotation.y
      value: -0
      objectReference: {fileID: 0}
    - target: {fileID: 3333659074766573024, guid: 7f160c4e78c37dc44aec02aaa7aab321,
        type: 3}
      propertyPath: m_LocalRotation.z
      value: -0
      objectReference: {fileID: 0}
    - target: {fileID: 3333659074766573024, guid: 7f160c4e78c37dc44aec02aaa7aab321,
        type: 3}
      propertyPath: m_LocalRotation.w
      value: 1
      objectReference: {fileID: 0}
    - target: {fileID: 3333659074766573024, guid: 7f160c4e78c37dc44aec02aaa7aab321,
        type: 3}
      propertyPath: m_RootOrder
      value: 0
      objectReference: {fileID: 0}
    - target: {fileID: 3333659074766573024, guid: 7f160c4e78c37dc44aec02aaa7aab321,
        type: 3}
      propertyPath: m_LocalEulerAnglesHint.x
      value: 0
      objectReference: {fileID: 0}
    - target: {fileID: 3333659074766573024, guid: 7f160c4e78c37dc44aec02aaa7aab321,
        type: 3}
      propertyPath: m_LocalEulerAnglesHint.y
      value: 0
      objectReference: {fileID: 0}
    - target: {fileID: 3333659074766573024, guid: 7f160c4e78c37dc44aec02aaa7aab321,
        type: 3}
      propertyPath: m_LocalEulerAnglesHint.z
      value: 0
      objectReference: {fileID: 0}
    - target: {fileID: 3333659074766573025, guid: 7f160c4e78c37dc44aec02aaa7aab321,
        type: 3}
      propertyPath: m_Name
      value: Cube (8)
      objectReference: {fileID: 0}
    m_RemovedComponents: []
  m_SourcePrefab: {fileID: 100100000, guid: 7f160c4e78c37dc44aec02aaa7aab321, type: 3}
--- !u!114 &6176596246689883131 stripped
MonoBehaviour:
  m_CorrespondingSourceObject: {fileID: 3333659074766572575, guid: 7f160c4e78c37dc44aec02aaa7aab321,
    type: 3}
  m_PrefabInstance: {fileID: 8931804418187079652}
  m_PrefabAsset: {fileID: 0}
  m_GameObject: {fileID: 0}
  m_Enabled: 1
  m_EditorHideFlags: 0
  m_Script: {fileID: 11500000, guid: 1753348002b07884f8e24f7c59cbdd65, type: 3}
  m_Name: 
  m_EditorClassIdentifier: 
--- !u!4 &6176596246689882628 stripped
Transform:
  m_CorrespondingSourceObject: {fileID: 3333659074766573024, guid: 7f160c4e78c37dc44aec02aaa7aab321,
    type: 3}
  m_PrefabInstance: {fileID: 8931804418187079652}
  m_PrefabAsset: {fileID: 0}
