%YAML 1.1
%TAG !u! tag:unity3d.com,2011:
--- !u!1 &2664475977888598223
GameObject:
  m_ObjectHideFlags: 0
  m_CorrespondingSourceObject: {fileID: 0}
  m_PrefabInstance: {fileID: 0}
  m_PrefabAsset: {fileID: 0}
  serializedVersion: 6
  m_Component:
  - component: {fileID: 1819145609336102913}
  - component: {fileID: 2535876351290145292}
  m_Layer: 0
  m_Name: WeightItemPlaceRight
  m_TagString: Untagged
  m_Icon: {fileID: 0}
  m_NavMeshLayer: 0
  m_StaticEditorFlags: 0
  m_IsActive: 1
--- !u!4 &1819145609336102913
Transform:
  m_ObjectHideFlags: 0
  m_CorrespondingSourceObject: {fileID: 0}
  m_PrefabInstance: {fileID: 0}
  m_PrefabAsset: {fileID: 0}
  m_GameObject: {fileID: 2664475977888598223}
  m_LocalRotation: {x: 0, y: 0, z: 0, w: 1}
  m_LocalPosition: {x: 15.3, y: 0, z: 13.8}
  m_LocalScale: {x: 1, y: 1, z: 1}
  m_Children:
  - {fileID: 2927038661365338411}
  m_Father: {fileID: 9048561430453102023}
  m_RootOrder: 3
  m_LocalEulerAnglesHint: {x: 0, y: 0, z: 0}
--- !u!114 &2535876351290145292
MonoBehaviour:
  m_ObjectHideFlags: 0
  m_CorrespondingSourceObject: {fileID: 0}
  m_PrefabInstance: {fileID: 0}
  m_PrefabAsset: {fileID: 0}
  m_GameObject: {fileID: 2664475977888598223}
  m_Enabled: 1
  m_EditorHideFlags: 0
  m_Script: {fileID: 11500000, guid: 9e467f3bde42a984889251a470433551, type: 3}
  m_Name: 
  m_EditorClassIdentifier: 
  Stacks: []
--- !u!64 &1065151323142889666
MeshCollider:
  m_ObjectHideFlags: 0
  m_CorrespondingSourceObject: {fileID: 0}
  m_PrefabInstance: {fileID: 0}
  m_PrefabAsset: {fileID: 0}
  m_GameObject: {fileID: 4620029979046872661}
  m_Material: {fileID: 13400000, guid: 241dc895533a4b744a32f444b25f2501, type: 2}
  m_IsTrigger: 0
  m_Enabled: 1
  serializedVersion: 4
  m_Convex: 1
  m_CookingOptions: 30
  m_Mesh: {fileID: -6602441374692447843, guid: 84424c89c42832843afa9d7d24ccdf06, type: 3}
--- !u!1 &9048561428930916668
GameObject:
  m_ObjectHideFlags: 0
  m_CorrespondingSourceObject: {fileID: 0}
  m_PrefabInstance: {fileID: 0}
  m_PrefabAsset: {fileID: 0}
  serializedVersion: 6
  m_Component:
  - component: {fileID: 9048561428930916669}
  m_Layer: 0
  m_Name: Cubes
  m_TagString: Untagged
  m_Icon: {fileID: 0}
  m_NavMeshLayer: 0
  m_StaticEditorFlags: 0
  m_IsActive: 1
--- !u!4 &9048561428930916669
Transform:
  m_ObjectHideFlags: 0
  m_CorrespondingSourceObject: {fileID: 0}
  m_PrefabInstance: {fileID: 0}
  m_PrefabAsset: {fileID: 0}
  m_GameObject: {fileID: 9048561428930916668}
  m_LocalRotation: {x: 0, y: 0, z: 0, w: 1}
  m_LocalPosition: {x: 0, y: 0, z: 0}
  m_LocalScale: {x: 1, y: 1, z: 1}
  m_Children:
  - {fileID: 9048561428401771355}
  - {fileID: 2819466680191686823}
  - {fileID: 612547551355486832}
  - {fileID: 6884693594228849491}
  m_Father: {fileID: 9048561430453102023}
  m_RootOrder: 4
  m_LocalEulerAnglesHint: {x: 0, y: 0, z: 0}
--- !u!1 &9048561429472194670
GameObject:
  m_ObjectHideFlags: 0
  m_CorrespondingSourceObject: {fileID: 0}
  m_PrefabInstance: {fileID: 0}
  m_PrefabAsset: {fileID: 0}
  serializedVersion: 6
  m_Component:
  - component: {fileID: 9048561429472194671}
  - component: {fileID: 9048561429472194664}
  m_Layer: 0
  m_Name: WeightItemPlaceBack
  m_TagString: Untagged
  m_Icon: {fileID: 0}
  m_NavMeshLayer: 0
  m_StaticEditorFlags: 0
  m_IsActive: 1
--- !u!4 &9048561429472194671
Transform:
  m_ObjectHideFlags: 0
  m_CorrespondingSourceObject: {fileID: 0}
  m_PrefabInstance: {fileID: 0}
  m_PrefabAsset: {fileID: 0}
  m_GameObject: {fileID: 9048561429472194670}
  m_LocalRotation: {x: 0, y: 0, z: 0, w: 1}
  m_LocalPosition: {x: 6.8, y: 0, z: -19.8}
  m_LocalScale: {x: 1, y: 1, z: 1}
  m_Children:
  - {fileID: 9048561429529243166}
  m_Father: {fileID: 9048561430453102023}
  m_RootOrder: 1
  m_LocalEulerAnglesHint: {x: 0, y: 0, z: 0}
--- !u!114 &9048561429472194664
MonoBehaviour:
  m_ObjectHideFlags: 0
  m_CorrespondingSourceObject: {fileID: 0}
  m_PrefabInstance: {fileID: 0}
  m_PrefabAsset: {fileID: 0}
  m_GameObject: {fileID: 9048561429472194670}
  m_Enabled: 1
  m_EditorHideFlags: 0
  m_Script: {fileID: 11500000, guid: 9e467f3bde42a984889251a470433551, type: 3}
  m_Name: 
  m_EditorClassIdentifier: 
  Stacks: []
--- !u!1 &9048561429797387716
GameObject:
  m_ObjectHideFlags: 0
  m_CorrespondingSourceObject: {fileID: 0}
  m_PrefabInstance: {fileID: 0}
  m_PrefabAsset: {fileID: 0}
  serializedVersion: 6
  m_Component:
  - component: {fileID: 9048561429797387717}
  - component: {fileID: 9048561429797387718}
  m_Layer: 0
  m_Name: WeightItemPlaceLeft
  m_TagString: Untagged
  m_Icon: {fileID: 0}
  m_NavMeshLayer: 0
  m_StaticEditorFlags: 0
  m_IsActive: 1
--- !u!4 &9048561429797387717
Transform:
  m_ObjectHideFlags: 0
  m_CorrespondingSourceObject: {fileID: 0}
  m_PrefabInstance: {fileID: 0}
  m_PrefabAsset: {fileID: 0}
  m_GameObject: {fileID: 9048561429797387716}
  m_LocalRotation: {x: 0, y: 0, z: 0, w: 1}
  m_LocalPosition: {x: -25.3, y: 0, z: 13.8}
  m_LocalScale: {x: 1, y: 1, z: 1}
  m_Children:
  - {fileID: 130265727600902869}
  m_Father: {fileID: 9048561430453102023}
  m_RootOrder: 2
  m_LocalEulerAnglesHint: {x: 0, y: 0, z: 0}
--- !u!114 &9048561429797387718
MonoBehaviour:
  m_ObjectHideFlags: 0
  m_CorrespondingSourceObject: {fileID: 0}
  m_PrefabInstance: {fileID: 0}
  m_PrefabAsset: {fileID: 0}
  m_GameObject: {fileID: 9048561429797387716}
  m_Enabled: 1
  m_EditorHideFlags: 0
  m_Script: {fileID: 11500000, guid: 9e467f3bde42a984889251a470433551, type: 3}
  m_Name: 
  m_EditorClassIdentifier: 
  Stacks: []
--- !u!1 &9048561430453102022
GameObject:
  m_ObjectHideFlags: 0
  m_CorrespondingSourceObject: {fileID: 0}
  m_PrefabInstance: {fileID: 0}
  m_PrefabAsset: {fileID: 0}
  serializedVersion: 6
  m_Component:
  - component: {fileID: 9048561430453102023}
  - component: {fileID: 9048561430453102016}
  m_Layer: 0
  m_Name: seesaw1a2
  m_TagString: Untagged
  m_Icon: {fileID: 0}
  m_NavMeshLayer: 0
  m_StaticEditorFlags: 0
  m_IsActive: 1
--- !u!4 &9048561430453102023
Transform:
  m_ObjectHideFlags: 0
  m_CorrespondingSourceObject: {fileID: 0}
  m_PrefabInstance: {fileID: 0}
  m_PrefabAsset: {fileID: 0}
  m_GameObject: {fileID: 9048561430453102022}
  m_LocalRotation: {x: 0, y: 0, z: 0, w: 1}
  m_LocalPosition: {x: 0, y: 12.9, z: -63.4}
  m_LocalScale: {x: 1, y: 1, z: 1}
  m_Children:
  - {fileID: 7097446325513927241}
  - {fileID: 9048561429472194671}
  - {fileID: 9048561429797387717}
  - {fileID: 1819145609336102913}
  - {fileID: 9048561428930916669}
  m_Father: {fileID: 0}
  m_RootOrder: 0
  m_LocalEulerAnglesHint: {x: 0, y: 0, z: 0}
--- !u!114 &9048561430453102016
MonoBehaviour:
  m_ObjectHideFlags: 0
  m_CorrespondingSourceObject: {fileID: 0}
  m_PrefabInstance: {fileID: 0}
  m_PrefabAsset: {fileID: 0}
  m_GameObject: {fileID: 9048561430453102022}
  m_Enabled: 1
  m_EditorHideFlags: 0
  m_Script: {fileID: 11500000, guid: 02d10cfaf94e75c45a391790dc3b267b, type: 3}
  m_Name: 
  m_EditorClassIdentifier: 
  _angleDifference: 2
  _changeDuration: 1
  _travelSpeed: 100
  _totalVectorMultiplier: 3
  _breakMagnitude: 8
  _breakForceMultiplier: 1
  _maxMagnitudeToWin: 0.5
  _maxStackedCubeCount: 3
  Places: []
--- !u!1001 &676467132809614663
PrefabInstance:
  m_ObjectHideFlags: 0
  serializedVersion: 2
  m_Modification:
    m_TransformParent: {fileID: 9048561428930916669}
    m_Modifications:
    - target: {fileID: 3333659074766572575, guid: 7f160c4e78c37dc44aec02aaa7aab321,
        type: 3}
      propertyPath: _colorId
      value: 1
      objectReference: {fileID: 0}
    - target: {fileID: 3333659074766573024, guid: 7f160c4e78c37dc44aec02aaa7aab321,
        type: 3}
      propertyPath: m_LocalPosition.x
      value: 4.6000004
      objectReference: {fileID: 0}
    - target: {fileID: 3333659074766573024, guid: 7f160c4e78c37dc44aec02aaa7aab321,
        type: 3}
      propertyPath: m_LocalPosition.y
      value: 5
      objectReference: {fileID: 0}
    - target: {fileID: 3333659074766573024, guid: 7f160c4e78c37dc44aec02aaa7aab321,
        type: 3}
      propertyPath: m_LocalPosition.z
      value: 16.8
      objectReference: {fileID: 0}
    - target: {fileID: 3333659074766573024, guid: 7f160c4e78c37dc44aec02aaa7aab321,
        type: 3}
      propertyPath: m_LocalRotation.x
      value: -0
      objectReference: {fileID: 0}
    - target: {fileID: 3333659074766573024, guid: 7f160c4e78c37dc44aec02aaa7aab321,
        type: 3}
      propertyPath: m_LocalRotation.y
      value: -0
      objectReference: {fileID: 0}
    - target: {fileID: 3333659074766573024, guid: 7f160c4e78c37dc44aec02aaa7aab321,
        type: 3}
      propertyPath: m_LocalRotation.z
      value: -0
      objectReference: {fileID: 0}
    - target: {fileID: 3333659074766573024, guid: 7f160c4e78c37dc44aec02aaa7aab321,
        type: 3}
      propertyPath: m_LocalRotation.w
      value: 1
      objectReference: {fileID: 0}
    - target: {fileID: 3333659074766573024, guid: 7f160c4e78c37dc44aec02aaa7aab321,
        type: 3}
      propertyPath: m_RootOrder
      value: 1
      objectReference: {fileID: 0}
    - target: {fileID: 3333659074766573024, guid: 7f160c4e78c37dc44aec02aaa7aab321,
        type: 3}
      propertyPath: m_LocalEulerAnglesHint.x
      value: 0
      objectReference: {fileID: 0}
    - target: {fileID: 3333659074766573024, guid: 7f160c4e78c37dc44aec02aaa7aab321,
        type: 3}
      propertyPath: m_LocalEulerAnglesHint.y
      value: 0
      objectReference: {fileID: 0}
    - target: {fileID: 3333659074766573024, guid: 7f160c4e78c37dc44aec02aaa7aab321,
        type: 3}
      propertyPath: m_LocalEulerAnglesHint.z
      value: 0
      objectReference: {fileID: 0}
    - target: {fileID: 3333659074766573025, guid: 7f160c4e78c37dc44aec02aaa7aab321,
        type: 3}
      propertyPath: m_Name
      value: Cube (1)
      objectReference: {fileID: 0}
    m_RemovedComponents: []
  m_SourcePrefab: {fileID: 100100000, guid: 7f160c4e78c37dc44aec02aaa7aab321, type: 3}
--- !u!4 &2819466680191686823 stripped
Transform:
  m_CorrespondingSourceObject: {fileID: 3333659074766573024, guid: 7f160c4e78c37dc44aec02aaa7aab321,
    type: 3}
  m_PrefabInstance: {fileID: 676467132809614663}
  m_PrefabAsset: {fileID: 0}
--- !u!114 &2819466680191687000 stripped
MonoBehaviour:
  m_CorrespondingSourceObject: {fileID: 3333659074766572575, guid: 7f160c4e78c37dc44aec02aaa7aab321,
    type: 3}
  m_PrefabInstance: {fileID: 676467132809614663}
  m_PrefabAsset: {fileID: 0}
  m_GameObject: {fileID: 0}
  m_Enabled: 1
  m_EditorHideFlags: 0
  m_Script: {fileID: 11500000, guid: 1753348002b07884f8e24f7c59cbdd65, type: 3}
  m_Name: 
  m_EditorClassIdentifier: 
--- !u!1001 &2793284571740524432
PrefabInstance:
  m_ObjectHideFlags: 0
  serializedVersion: 2
  m_Modification:
    m_TransformParent: {fileID: 9048561428930916669}
    m_Modifications:
    - target: {fileID: 3333659074766573024, guid: 7f160c4e78c37dc44aec02aaa7aab321,
        type: 3}
      propertyPath: m_LocalPosition.x
      value: 4.6000004
      objectReference: {fileID: 0}
    - target: {fileID: 3333659074766573024, guid: 7f160c4e78c37dc44aec02aaa7aab321,
        type: 3}
      propertyPath: m_LocalPosition.y
      value: 5
      objectReference: {fileID: 0}
    - target: {fileID: 3333659074766573024, guid: 7f160c4e78c37dc44aec02aaa7aab321,
        type: 3}
      propertyPath: m_LocalPosition.z
      value: 16.8
      objectReference: {fileID: 0}
    - target: {fileID: 3333659074766573024, guid: 7f160c4e78c37dc44aec02aaa7aab321,
        type: 3}
      propertyPath: m_LocalRotation.x
      value: -0
      objectReference: {fileID: 0}
    - target: {fileID: 3333659074766573024, guid: 7f160c4e78c37dc44aec02aaa7aab321,
        type: 3}
      propertyPath: m_LocalRotation.y
      value: -0
      objectReference: {fileID: 0}
    - target: {fileID: 3333659074766573024, guid: 7f160c4e78c37dc44aec02aaa7aab321,
        type: 3}
      propertyPath: m_LocalRotation.z
      value: -0
      objectReference: {fileID: 0}
    - target: {fileID: 3333659074766573024, guid: 7f160c4e78c37dc44aec02aaa7aab321,
        type: 3}
      propertyPath: m_LocalRotation.w
      value: 1
      objectReference: {fileID: 0}
    - target: {fileID: 3333659074766573024, guid: 7f160c4e78c37dc44aec02aaa7aab321,
        type: 3}
      propertyPath: m_RootOrder
      value: 2
      objectReference: {fileID: 0}
    - target: {fileID: 3333659074766573024, guid: 7f160c4e78c37dc44aec02aaa7aab321,
        type: 3}
      propertyPath: m_LocalEulerAnglesHint.x
      value: 0
      objectReference: {fileID: 0}
    - target: {fileID: 3333659074766573024, guid: 7f160c4e78c37dc44aec02aaa7aab321,
        type: 3}
      propertyPath: m_LocalEulerAnglesHint.y
      value: 0
      objectReference: {fileID: 0}
    - target: {fileID: 3333659074766573024, guid: 7f160c4e78c37dc44aec02aaa7aab321,
        type: 3}
      propertyPath: m_LocalEulerAnglesHint.z
      value: 0
      objectReference: {fileID: 0}
    - target: {fileID: 3333659074766573025, guid: 7f160c4e78c37dc44aec02aaa7aab321,
        type: 3}
      propertyPath: m_Name
      value: Cube (2)
      objectReference: {fileID: 0}
    m_RemovedComponents: []
  m_SourcePrefab: {fileID: 100100000, guid: 7f160c4e78c37dc44aec02aaa7aab321, type: 3}
--- !u!4 &612547551355486832 stripped
Transform:
  m_CorrespondingSourceObject: {fileID: 3333659074766573024, guid: 7f160c4e78c37dc44aec02aaa7aab321,
    type: 3}
  m_PrefabInstance: {fileID: 2793284571740524432}
  m_PrefabAsset: {fileID: 0}
--- !u!114 &612547551355487119 stripped
MonoBehaviour:
  m_CorrespondingSourceObject: {fileID: 3333659074766572575, guid: 7f160c4e78c37dc44aec02aaa7aab321,
    type: 3}
  m_PrefabInstance: {fileID: 2793284571740524432}
  m_PrefabAsset: {fileID: 0}
  m_GameObject: {fileID: 0}
  m_Enabled: 1
  m_EditorHideFlags: 0
  m_Script: {fileID: 11500000, guid: 1753348002b07884f8e24f7c59cbdd65, type: 3}
  m_Name: 
  m_EditorClassIdentifier: 
--- !u!1001 &3866311065965897494
PrefabInstance:
  m_ObjectHideFlags: 0
  serializedVersion: 2
  m_Modification:
    m_TransformParent: {fileID: 9048561429472194671}
    m_Modifications:
    - target: {fileID: 5203091074161772808, guid: 4eb5334f683d0714db7bc3ee890336a9,
        type: 3}
      propertyPath: m_LocalPosition.x
      value: -6.1
      objectReference: {fileID: 0}
    - target: {fileID: 5203091074161772808, guid: 4eb5334f683d0714db7bc3ee890336a9,
        type: 3}
      propertyPath: m_LocalPosition.y
      value: 3.29
      objectReference: {fileID: 0}
    - target: {fileID: 5203091074161772808, guid: 4eb5334f683d0714db7bc3ee890336a9,
        type: 3}
      propertyPath: m_LocalPosition.z
      value: 0
      objectReference: {fileID: 0}
    - target: {fileID: 5203091074161772808, guid: 4eb5334f683d0714db7bc3ee890336a9,
        type: 3}
      propertyPath: m_LocalRotation.x
      value: -0
      objectReference: {fileID: 0}
    - target: {fileID: 5203091074161772808, guid: 4eb5334f683d0714db7bc3ee890336a9,
        type: 3}
      propertyPath: m_LocalRotation.y
      value: -0
      objectReference: {fileID: 0}
    - target: {fileID: 5203091074161772808, guid: 4eb5334f683d0714db7bc3ee890336a9,
        type: 3}
      propertyPath: m_LocalRotation.z
      value: -0
      objectReference: {fileID: 0}
    - target: {fileID: 5203091074161772808, guid: 4eb5334f683d0714db7bc3ee890336a9,
        type: 3}
      propertyPath: m_LocalRotation.w
      value: 1
      objectReference: {fileID: 0}
    - target: {fileID: 5203091074161772808, guid: 4eb5334f683d0714db7bc3ee890336a9,
        type: 3}
      propertyPath: m_RootOrder
      value: 0
      objectReference: {fileID: 0}
    - target: {fileID: 5203091074161772808, guid: 4eb5334f683d0714db7bc3ee890336a9,
        type: 3}
      propertyPath: m_LocalEulerAnglesHint.x
      value: 0
      objectReference: {fileID: 0}
    - target: {fileID: 5203091074161772808, guid: 4eb5334f683d0714db7bc3ee890336a9,
        type: 3}
      propertyPath: m_LocalEulerAnglesHint.y
      value: 0
      objectReference: {fileID: 0}
    - target: {fileID: 5203091074161772808, guid: 4eb5334f683d0714db7bc3ee890336a9,
        type: 3}
      propertyPath: m_LocalEulerAnglesHint.z
      value: 0
      objectReference: {fileID: 0}
    - target: {fileID: 5203091074161772809, guid: 4eb5334f683d0714db7bc3ee890336a9,
        type: 3}
      propertyPath: m_Size.z
      value: 18.13
      objectReference: {fileID: 0}
    - target: {fileID: 5203091074161772809, guid: 4eb5334f683d0714db7bc3ee890336a9,
        type: 3}
      propertyPath: m_Size.x
      value: 26.15
      objectReference: {fileID: 0}
    - target: {fileID: 5203091074161772811, guid: 4eb5334f683d0714db7bc3ee890336a9,
        type: 3}
      propertyPath: m_Name
      value: WeightItemStack
      objectReference: {fileID: 0}
    - target: {fileID: 5203091074161772814, guid: 4eb5334f683d0714db7bc3ee890336a9,
        type: 3}
      propertyPath: WeightCubes.Array.size
      value: 2
      objectReference: {fileID: 0}
    - target: {fileID: 5203091074161772814, guid: 4eb5334f683d0714db7bc3ee890336a9,
        type: 3}
      propertyPath: _rotateAmount.x
      value: -1
      objectReference: {fileID: 0}
    - target: {fileID: 5203091074161772814, guid: 4eb5334f683d0714db7bc3ee890336a9,
        type: 3}
      propertyPath: _rotateAmount.z
      value: 0
      objectReference: {fileID: 0}
    - target: {fileID: 5203091074161772814, guid: 4eb5334f683d0714db7bc3ee890336a9,
        type: 3}
      propertyPath: WeightCubes.Array.data[0]
      value: 
      objectReference: {fileID: 9048561428401771172}
    - target: {fileID: 5203091074161772814, guid: 4eb5334f683d0714db7bc3ee890336a9,
        type: 3}
      propertyPath: WeightCubes.Array.data[1]
      value: 
      objectReference: {fileID: 2819466680191687000}
    m_RemovedComponents: []
  m_SourcePrefab: {fileID: 100100000, guid: 4eb5334f683d0714db7bc3ee890336a9, type: 3}
--- !u!4 &9048561429529243166 stripped
Transform:
  m_CorrespondingSourceObject: {fileID: 5203091074161772808, guid: 4eb5334f683d0714db7bc3ee890336a9,
    type: 3}
  m_PrefabInstance: {fileID: 3866311065965897494}
  m_PrefabAsset: {fileID: 0}
--- !u!1001 &4504466522011270075
PrefabInstance:
  m_ObjectHideFlags: 0
  serializedVersion: 2
  m_Modification:
    m_TransformParent: {fileID: 9048561430453102023}
    m_Modifications:
    - target: {fileID: 6700271834597048818, guid: 489cc179479eec345a7a64476a3b2369,
        type: 3}
      propertyPath: m_LocalPosition.x
      value: 0.78
      objectReference: {fileID: 0}
    - target: {fileID: 6700271834597048818, guid: 489cc179479eec345a7a64476a3b2369,
        type: 3}
      propertyPath: m_LocalPosition.y
      value: 0.372
      objectReference: {fileID: 0}
    - target: {fileID: 6700271834597048818, guid: 489cc179479eec345a7a64476a3b2369,
        type: 3}
      propertyPath: m_LocalPosition.z
      value: -1.001
      objectReference: {fileID: 0}
    - target: {fileID: 6700271834597048818, guid: 489cc179479eec345a7a64476a3b2369,
        type: 3}
      propertyPath: m_LocalRotation.x
      value: 0
      objectReference: {fileID: 0}
    - target: {fileID: 6700271834597048818, guid: 489cc179479eec345a7a64476a3b2369,
        type: 3}
      propertyPath: m_LocalRotation.y
      value: -0
      objectReference: {fileID: 0}
    - target: {fileID: 6700271834597048818, guid: 489cc179479eec345a7a64476a3b2369,
        type: 3}
      propertyPath: m_LocalRotation.z
      value: -0
      objectReference: {fileID: 0}
    - target: {fileID: 6700271834597048818, guid: 489cc179479eec345a7a64476a3b2369,
        type: 3}
      propertyPath: m_LocalRotation.w
      value: 1
      objectReference: {fileID: 0}
    - target: {fileID: 6700271834597048818, guid: 489cc179479eec345a7a64476a3b2369,
        type: 3}
      propertyPath: m_RootOrder
      value: 0
      objectReference: {fileID: 0}
    - target: {fileID: 6700271834597048818, guid: 489cc179479eec345a7a64476a3b2369,
        type: 3}
      propertyPath: m_LocalEulerAnglesHint.x
      value: 0
      objectReference: {fileID: 0}
    - target: {fileID: 6700271834597048818, guid: 489cc179479eec345a7a64476a3b2369,
        type: 3}
      propertyPath: m_LocalEulerAnglesHint.y
      value: 0
      objectReference: {fileID: 0}
    - target: {fileID: 6700271834597048818, guid: 489cc179479eec345a7a64476a3b2369,
        type: 3}
      propertyPath: m_LocalEulerAnglesHint.z
      value: 0
      objectReference: {fileID: 0}
    - target: {fileID: 6700271834597048818, guid: 489cc179479eec345a7a64476a3b2369,
        type: 3}
      propertyPath: m_LocalScale.x
      value: 86.172844
      objectReference: {fileID: 0}
    - target: {fileID: 6700271834597048818, guid: 489cc179479eec345a7a64476a3b2369,
        type: 3}
      propertyPath: m_LocalScale.y
      value: 86.172844
      objectReference: {fileID: 0}
    - target: {fileID: 6700271834597048818, guid: 489cc179479eec345a7a64476a3b2369,
        type: 3}
      propertyPath: m_LocalScale.z
      value: 86.172844
      objectReference: {fileID: 0}
    - target: {fileID: 7685248053911008225, guid: 489cc179479eec345a7a64476a3b2369,
        type: 3}
      propertyPath: m_Name
      value: Triangle_Platform
      objectReference: {fileID: 0}
    m_RemovedComponents: []
  m_SourcePrefab: {fileID: 100100000, guid: 489cc179479eec345a7a64476a3b2369, type: 3}
--- !u!4 &7097446325513927241 stripped
Transform:
  m_CorrespondingSourceObject: {fileID: 6700271834597048818, guid: 489cc179479eec345a7a64476a3b2369,
    type: 3}
  m_PrefabInstance: {fileID: 4504466522011270075}
  m_PrefabAsset: {fileID: 0}
--- !u!1 &4620029979046872661 stripped
GameObject:
  m_CorrespondingSourceObject: {fileID: 9123924122573766126, guid: 489cc179479eec345a7a64476a3b2369,
    type: 3}
  m_PrefabInstance: {fileID: 4504466522011270075}
  m_PrefabAsset: {fileID: 0}
--- !u!1001 &5331096747020405725
PrefabInstance:
  m_ObjectHideFlags: 0
  serializedVersion: 2
  m_Modification:
    m_TransformParent: {fileID: 9048561429797387717}
    m_Modifications:
    - target: {fileID: 5203091074161772808, guid: 4eb5334f683d0714db7bc3ee890336a9,
        type: 3}
      propertyPath: m_LocalPosition.x
      value: 6.13
      objectReference: {fileID: 0}
    - target: {fileID: 5203091074161772808, guid: 4eb5334f683d0714db7bc3ee890336a9,
        type: 3}
      propertyPath: m_LocalPosition.y
      value: 3.29
      objectReference: {fileID: 0}
    - target: {fileID: 5203091074161772808, guid: 4eb5334f683d0714db7bc3ee890336a9,
        type: 3}
      propertyPath: m_LocalPosition.z
      value: 0
      objectReference: {fileID: 0}
    - target: {fileID: 5203091074161772808, guid: 4eb5334f683d0714db7bc3ee890336a9,
        type: 3}
      propertyPath: m_LocalRotation.x
      value: -0
      objectReference: {fileID: 0}
    - target: {fileID: 5203091074161772808, guid: 4eb5334f683d0714db7bc3ee890336a9,
        type: 3}
      propertyPath: m_LocalRotation.y
      value: -0
      objectReference: {fileID: 0}
    - target: {fileID: 5203091074161772808, guid: 4eb5334f683d0714db7bc3ee890336a9,
        type: 3}
      propertyPath: m_LocalRotation.z
      value: -0
      objectReference: {fileID: 0}
    - target: {fileID: 5203091074161772808, guid: 4eb5334f683d0714db7bc3ee890336a9,
        type: 3}
      propertyPath: m_LocalRotation.w
      value: 1
      objectReference: {fileID: 0}
    - target: {fileID: 5203091074161772808, guid: 4eb5334f683d0714db7bc3ee890336a9,
        type: 3}
      propertyPath: m_RootOrder
      value: 0
      objectReference: {fileID: 0}
    - target: {fileID: 5203091074161772808, guid: 4eb5334f683d0714db7bc3ee890336a9,
        type: 3}
      propertyPath: m_LocalEulerAnglesHint.x
      value: 0
      objectReference: {fileID: 0}
    - target: {fileID: 5203091074161772808, guid: 4eb5334f683d0714db7bc3ee890336a9,
        type: 3}
      propertyPath: m_LocalEulerAnglesHint.y
      value: 0
      objectReference: {fileID: 0}
    - target: {fileID: 5203091074161772808, guid: 4eb5334f683d0714db7bc3ee890336a9,
        type: 3}
      propertyPath: m_LocalEulerAnglesHint.z
      value: 0
      objectReference: {fileID: 0}
    - target: {fileID: 5203091074161772809, guid: 4eb5334f683d0714db7bc3ee890336a9,
        type: 3}
      propertyPath: m_Size.z
      value: 18.02
      objectReference: {fileID: 0}
    - target: {fileID: 5203091074161772809, guid: 4eb5334f683d0714db7bc3ee890336a9,
        type: 3}
      propertyPath: m_Size.x
      value: 18.7
      objectReference: {fileID: 0}
    - target: {fileID: 5203091074161772811, guid: 4eb5334f683d0714db7bc3ee890336a9,
        type: 3}
      propertyPath: m_Name
      value: WeightItemStack (2)
      objectReference: {fileID: 0}
    - target: {fileID: 5203091074161772814, guid: 4eb5334f683d0714db7bc3ee890336a9,
        type: 3}
      propertyPath: WeightCubes.Array.size
      value: 2
      objectReference: {fileID: 0}
    - target: {fileID: 5203091074161772814, guid: 4eb5334f683d0714db7bc3ee890336a9,
        type: 3}
      propertyPath: WeightCubes.Array.data[0]
      value: 
      objectReference: {fileID: 612547551355487119}
    - target: {fileID: 5203091074161772814, guid: 4eb5334f683d0714db7bc3ee890336a9,
        type: 3}
      propertyPath: WeightCubes.Array.data[1]
      value: 
      objectReference: {fileID: 6884693594228849324}
    - target: {fileID: 5203091074161772814, guid: 4eb5334f683d0714db7bc3ee890336a9,
        type: 3}
      propertyPath: _rotateAmount.z
      value: 1
      objectReference: {fileID: 0}
    - target: {fileID: 5203091074161772814, guid: 4eb5334f683d0714db7bc3ee890336a9,
        type: 3}
      propertyPath: _rotateAmount.x
      value: 0
      objectReference: {fileID: 0}
    m_RemovedComponents: []
  m_SourcePrefab: {fileID: 100100000, guid: 4eb5334f683d0714db7bc3ee890336a9, type: 3}
--- !u!4 &130265727600902869 stripped
Transform:
  m_CorrespondingSourceObject: {fileID: 5203091074161772808, guid: 4eb5334f683d0714db7bc3ee890336a9,
    type: 3}
  m_PrefabInstance: {fileID: 5331096747020405725}
  m_PrefabAsset: {fileID: 0}
--- !u!1001 &6039744818581102267
PrefabInstance:
  m_ObjectHideFlags: 0
  serializedVersion: 2
  m_Modification:
    m_TransformParent: {fileID: 9048561428930916669}
    m_Modifications:
    - target: {fileID: 3333659074766573024, guid: 7f160c4e78c37dc44aec02aaa7aab321,
        type: 3}
      propertyPath: m_LocalPosition.x
      value: 4.6000004
      objectReference: {fileID: 0}
    - target: {fileID: 3333659074766573024, guid: 7f160c4e78c37dc44aec02aaa7aab321,
        type: 3}
      propertyPath: m_LocalPosition.y
      value: 5
      objectReference: {fileID: 0}
    - target: {fileID: 3333659074766573024, guid: 7f160c4e78c37dc44aec02aaa7aab321,
        type: 3}
      propertyPath: m_LocalPosition.z
      value: 16.8
      objectReference: {fileID: 0}
    - target: {fileID: 3333659074766573024, guid: 7f160c4e78c37dc44aec02aaa7aab321,
        type: 3}
      propertyPath: m_LocalRotation.x
      value: -0
      objectReference: {fileID: 0}
    - target: {fileID: 3333659074766573024, guid: 7f160c4e78c37dc44aec02aaa7aab321,
        type: 3}
      propertyPath: m_LocalRotation.y
      value: -0
      objectReference: {fileID: 0}
    - target: {fileID: 3333659074766573024, guid: 7f160c4e78c37dc44aec02aaa7aab321,
        type: 3}
      propertyPath: m_LocalRotation.z
      value: -0
      objectReference: {fileID: 0}
    - target: {fileID: 3333659074766573024, guid: 7f160c4e78c37dc44aec02aaa7aab321,
        type: 3}
      propertyPath: m_LocalRotation.w
      value: 1
      objectReference: {fileID: 0}
    - target: {fileID: 3333659074766573024, guid: 7f160c4e78c37dc44aec02aaa7aab321,
        type: 3}
      propertyPath: m_RootOrder
      value: 0
      objectReference: {fileID: 0}
    - target: {fileID: 3333659074766573024, guid: 7f160c4e78c37dc44aec02aaa7aab321,
        type: 3}
      propertyPath: m_LocalEulerAnglesHint.x
      value: 0
      objectReference: {fileID: 0}
    - target: {fileID: 3333659074766573024, guid: 7f160c4e78c37dc44aec02aaa7aab321,
        type: 3}
      propertyPath: m_LocalEulerAnglesHint.y
      value: 0
      objectReference: {fileID: 0}
    - target: {fileID: 3333659074766573024, guid: 7f160c4e78c37dc44aec02aaa7aab321,
        type: 3}
      propertyPath: m_LocalEulerAnglesHint.z
      value: 0
      objectReference: {fileID: 0}
    - target: {fileID: 3333659074766573025, guid: 7f160c4e78c37dc44aec02aaa7aab321,
        type: 3}
      propertyPath: m_Name
      value: Cube
      objectReference: {fileID: 0}
    m_RemovedComponents: []
  m_SourcePrefab: {fileID: 100100000, guid: 7f160c4e78c37dc44aec02aaa7aab321, type: 3}
--- !u!4 &9048561428401771355 stripped
Transform:
  m_CorrespondingSourceObject: {fileID: 3333659074766573024, guid: 7f160c4e78c37dc44aec02aaa7aab321,
    type: 3}
  m_PrefabInstance: {fileID: 6039744818581102267}
  m_PrefabAsset: {fileID: 0}
--- !u!114 &9048561428401771172 stripped
MonoBehaviour:
  m_CorrespondingSourceObject: {fileID: 3333659074766572575, guid: 7f160c4e78c37dc44aec02aaa7aab321,
    type: 3}
  m_PrefabInstance: {fileID: 6039744818581102267}
  m_PrefabAsset: {fileID: 0}
  m_GameObject: {fileID: 0}
  m_Enabled: 1
  m_EditorHideFlags: 0
  m_Script: {fileID: 11500000, guid: 1753348002b07884f8e24f7c59cbdd65, type: 3}
  m_Name: 
  m_EditorClassIdentifier: 
--- !u!1001 &6965936007647533091
PrefabInstance:
  m_ObjectHideFlags: 0
  serializedVersion: 2
  m_Modification:
    m_TransformParent: {fileID: 1819145609336102913}
    m_Modifications:
    - target: {fileID: 5203091074161772808, guid: 4eb5334f683d0714db7bc3ee890336a9,
        type: 3}
      propertyPath: m_LocalPosition.x
      value: 6.13
      objectReference: {fileID: 0}
    - target: {fileID: 5203091074161772808, guid: 4eb5334f683d0714db7bc3ee890336a9,
        type: 3}
      propertyPath: m_LocalPosition.y
      value: 3.29
      objectReference: {fileID: 0}
    - target: {fileID: 5203091074161772808, guid: 4eb5334f683d0714db7bc3ee890336a9,
        type: 3}
      propertyPath: m_LocalPosition.z
      value: 0
      objectReference: {fileID: 0}
    - target: {fileID: 5203091074161772808, guid: 4eb5334f683d0714db7bc3ee890336a9,
        type: 3}
      propertyPath: m_LocalRotation.x
      value: -0
      objectReference: {fileID: 0}
    - target: {fileID: 5203091074161772808, guid: 4eb5334f683d0714db7bc3ee890336a9,
        type: 3}
      propertyPath: m_LocalRotation.y
      value: -0
      objectReference: {fileID: 0}
    - target: {fileID: 5203091074161772808, guid: 4eb5334f683d0714db7bc3ee890336a9,
        type: 3}
      propertyPath: m_LocalRotation.z
      value: -0
      objectReference: {fileID: 0}
    - target: {fileID: 5203091074161772808, guid: 4eb5334f683d0714db7bc3ee890336a9,
        type: 3}
      propertyPath: m_LocalRotation.w
      value: 1
      objectReference: {fileID: 0}
    - target: {fileID: 5203091074161772808, guid: 4eb5334f683d0714db7bc3ee890336a9,
        type: 3}
      propertyPath: m_RootOrder
      value: 0
      objectReference: {fileID: 0}
    - target: {fileID: 5203091074161772808, guid: 4eb5334f683d0714db7bc3ee890336a9,
        type: 3}
      propertyPath: m_LocalEulerAnglesHint.x
      value: 0
      objectReference: {fileID: 0}
    - target: {fileID: 5203091074161772808, guid: 4eb5334f683d0714db7bc3ee890336a9,
        type: 3}
      propertyPath: m_LocalEulerAnglesHint.y
      value: 0
      objectReference: {fileID: 0}
    - target: {fileID: 5203091074161772808, guid: 4eb5334f683d0714db7bc3ee890336a9,
        type: 3}
      propertyPath: m_LocalEulerAnglesHint.z
      value: 0
      objectReference: {fileID: 0}
    - target: {fileID: 5203091074161772809, guid: 4eb5334f683d0714db7bc3ee890336a9,
        type: 3}
      propertyPath: m_Size.z
      value: 20.5
      objectReference: {fileID: 0}
    - target: {fileID: 5203091074161772809, guid: 4eb5334f683d0714db7bc3ee890336a9,
        type: 3}
      propertyPath: m_Size.x
      value: 15.1
      objectReference: {fileID: 0}
    - target: {fileID: 5203091074161772811, guid: 4eb5334f683d0714db7bc3ee890336a9,
        type: 3}
      propertyPath: m_Name
      value: WeightItemStack (2)
      objectReference: {fileID: 0}
    - target: {fileID: 5203091074161772814, guid: 4eb5334f683d0714db7bc3ee890336a9,
        type: 3}
      propertyPath: WeightCubes.Array.size
      value: 0
      objectReference: {fileID: 0}
    - target: {fileID: 5203091074161772814, guid: 4eb5334f683d0714db7bc3ee890336a9,
        type: 3}
      propertyPath: WeightCubes.Array.data[0]
      value: 
      objectReference: {fileID: 3330608696420855946, guid: 908f18c89b7e16147830df8644ef173d,
        type: 3}
    - target: {fileID: 5203091074161772814, guid: 4eb5334f683d0714db7bc3ee890336a9,
        type: 3}
      propertyPath: WeightCubes.Array.data[1]
      value: 
      objectReference: {fileID: 8397667782122912630, guid: 908f18c89b7e16147830df8644ef173d,
        type: 3}
    - target: {fileID: 5203091074161772814, guid: 4eb5334f683d0714db7bc3ee890336a9,
        type: 3}
      propertyPath: _rotateAmount.z
      value: -1
      objectReference: {fileID: 0}
    - target: {fileID: 5203091074161772814, guid: 4eb5334f683d0714db7bc3ee890336a9,
        type: 3}
      propertyPath: _rotateAmount.x
      value: 0
      objectReference: {fileID: 0}
    m_RemovedComponents: []
  m_SourcePrefab: {fileID: 100100000, guid: 4eb5334f683d0714db7bc3ee890336a9, type: 3}
--- !u!4 &2927038661365338411 stripped
Transform:
  m_CorrespondingSourceObject: {fileID: 5203091074161772808, guid: 4eb5334f683d0714db7bc3ee890336a9,
    type: 3}
  m_PrefabInstance: {fileID: 6965936007647533091}
  m_PrefabAsset: {fileID: 0}
--- !u!1001 &8199033044092516019
PrefabInstance:
  m_ObjectHideFlags: 0
  serializedVersion: 2
  m_Modification:
    m_TransformParent: {fileID: 9048561428930916669}
    m_Modifications:
    - target: {fileID: 3333659074766572575, guid: 7f160c4e78c37dc44aec02aaa7aab321,
        type: 3}
      propertyPath: _colorId
      value: 1
      objectReference: {fileID: 0}
    - target: {fileID: 3333659074766573024, guid: 7f160c4e78c37dc44aec02aaa7aab321,
        type: 3}
      propertyPath: m_LocalPosition.x
      value: 4.6000004
      objectReference: {fileID: 0}
    - target: {fileID: 3333659074766573024, guid: 7f160c4e78c37dc44aec02aaa7aab321,
        type: 3}
      propertyPath: m_LocalPosition.y
      value: 5
      objectReference: {fileID: 0}
    - target: {fileID: 3333659074766573024, guid: 7f160c4e78c37dc44aec02aaa7aab321,
        type: 3}
      propertyPath: m_LocalPosition.z
      value: 16.8
      objectReference: {fileID: 0}
    - target: {fileID: 3333659074766573024, guid: 7f160c4e78c37dc44aec02aaa7aab321,
        type: 3}
      propertyPath: m_LocalRotation.x
      value: -0
      objectReference: {fileID: 0}
    - target: {fileID: 3333659074766573024, guid: 7f160c4e78c37dc44aec02aaa7aab321,
        type: 3}
      propertyPath: m_LocalRotation.y
      value: -0
      objectReference: {fileID: 0}
    - target: {fileID: 3333659074766573024, guid: 7f160c4e78c37dc44aec02aaa7aab321,
        type: 3}
      propertyPath: m_LocalRotation.z
      value: -0
      objectReference: {fileID: 0}
    - target: {fileID: 3333659074766573024, guid: 7f160c4e78c37dc44aec02aaa7aab321,
        type: 3}
      propertyPath: m_LocalRotation.w
      value: 1
      objectReference: {fileID: 0}
    - target: {fileID: 3333659074766573024, guid: 7f160c4e78c37dc44aec02aaa7aab321,
        type: 3}
      propertyPath: m_RootOrder
      value: 3
      objectReference: {fileID: 0}
    - target: {fileID: 3333659074766573024, guid: 7f160c4e78c37dc44aec02aaa7aab321,
        type: 3}
      propertyPath: m_LocalEulerAnglesHint.x
      value: 0
      objectReference: {fileID: 0}
    - target: {fileID: 3333659074766573024, guid: 7f160c4e78c37dc44aec02aaa7aab321,
        type: 3}
      propertyPath: m_LocalEulerAnglesHint.y
      value: 0
      objectReference: {fileID: 0}
    - target: {fileID: 3333659074766573024, guid: 7f160c4e78c37dc44aec02aaa7aab321,
        type: 3}
      propertyPath: m_LocalEulerAnglesHint.z
      value: 0
      objectReference: {fileID: 0}
    - target: {fileID: 3333659074766573025, guid: 7f160c4e78c37dc44aec02aaa7aab321,
        type: 3}
      propertyPath: m_Name
      value: Cube (3)
      objectReference: {fileID: 0}
    m_RemovedComponents: []
  m_SourcePrefab: {fileID: 100100000, guid: 7f160c4e78c37dc44aec02aaa7aab321, type: 3}
--- !u!4 &6884693594228849491 stripped
Transform:
  m_CorrespondingSourceObject: {fileID: 3333659074766573024, guid: 7f160c4e78c37dc44aec02aaa7aab321,
    type: 3}
  m_PrefabInstance: {fileID: 8199033044092516019}
  m_PrefabAsset: {fileID: 0}
--- !u!114 &6884693594228849324 stripped
MonoBehaviour:
  m_CorrespondingSourceObject: {fileID: 3333659074766572575, guid: 7f160c4e78c37dc44aec02aaa7aab321,
    type: 3}
  m_PrefabInstance: {fileID: 8199033044092516019}
  m_PrefabAsset: {fileID: 0}
  m_GameObject: {fileID: 0}
  m_Enabled: 1
  m_EditorHideFlags: 0
  m_Script: {fileID: 11500000, guid: 1753348002b07884f8e24f7c59cbdd65, type: 3}
  m_Name: 
  m_EditorClassIdentifier: 
