%YAML 1.1
%TAG !u! tag:unity3d.com,2011:
--- !u!1 &1677604991304748497
GameObject:
  m_ObjectHideFlags: 0
  m_CorrespondingSourceObject: {fileID: 0}
  m_PrefabInstance: {fileID: 0}
  m_PrefabAsset: {fileID: 0}
  serializedVersion: 6
  m_Component:
  - component: {fileID: 4562731615743458433}
  - component: {fileID: 3531652871791608706}
  - component: {fileID: 7913534750865061063}
  - component: {fileID: 4513569921218362303}
  m_Layer: 0
  m_Name: model (1)
  m_TagString: Untagged
  m_Icon: {fileID: 0}
  m_NavMeshLayer: 0
  m_StaticEditorFlags: 0
  m_IsActive: 0
--- !u!4 &4562731615743458433
Transform:
  m_ObjectHideFlags: 0
  m_CorrespondingSourceObject: {fileID: 0}
  m_PrefabInstance: {fileID: 0}
  m_PrefabAsset: {fileID: 0}
  m_GameObject: {fileID: 1677604991304748497}
  m_LocalRotation: {x: 0, y: 0.7071068, z: 0, w: 0.7071068}
  m_LocalPosition: {x: 0, y: 1.2, z: -6.967}
  m_LocalScale: {x: 34.067265, y: 2.4, z: 20}
  m_Children: []
  m_Father: {fileID: 8806136674377312488}
  m_RootOrder: 1
  m_LocalEulerAnglesHint: {x: 0, y: 90, z: 0}
--- !u!33 &3531652871791608706
MeshFilter:
  m_ObjectHideFlags: 0
  m_CorrespondingSourceObject: {fileID: 0}
  m_PrefabInstance: {fileID: 0}
  m_PrefabAsset: {fileID: 0}
  m_GameObject: {fileID: 1677604991304748497}
  m_Mesh: {fileID: 10202, guid: 0000000000000000e000000000000000, type: 0}
--- !u!23 &7913534750865061063
MeshRenderer:
  m_ObjectHideFlags: 0
  m_CorrespondingSourceObject: {fileID: 0}
  m_PrefabInstance: {fileID: 0}
  m_PrefabAsset: {fileID: 0}
  m_GameObject: {fileID: 1677604991304748497}
  m_Enabled: 1
  m_CastShadows: 1
  m_ReceiveShadows: 1
  m_DynamicOccludee: 1
  m_MotionVectors: 1
  m_LightProbeUsage: 1
  m_ReflectionProbeUsage: 1
  m_RayTracingMode: 2
  m_RenderingLayerMask: 1
  m_RendererPriority: 0
  m_Materials:
  - {fileID: 2100000, guid: e5828bf1c5db77a4695d02ae73699f41, type: 2}
  m_StaticBatchInfo:
    firstSubMesh: 0
    subMeshCount: 0
  m_StaticBatchRoot: {fileID: 0}
  m_ProbeAnchor: {fileID: 0}
  m_LightProbeVolumeOverride: {fileID: 0}
  m_ScaleInLightmap: 1
  m_ReceiveGI: 1
  m_PreserveUVs: 0
  m_IgnoreNormalsForChartDetection: 0
  m_ImportantGI: 0
  m_StitchLightmapSeams: 1
  m_SelectedEditorRenderState: 3
  m_MinimumChartSize: 4
  m_AutoUVMaxDistance: 0.5
  m_AutoUVMaxAngle: 89
  m_LightmapParameters: {fileID: 0}
  m_SortingLayerID: 0
  m_SortingLayer: 0
  m_SortingOrder: 0
--- !u!65 &4513569921218362303
BoxCollider:
  m_ObjectHideFlags: 0
  m_CorrespondingSourceObject: {fileID: 0}
  m_PrefabInstance: {fileID: 0}
  m_PrefabAsset: {fileID: 0}
  m_GameObject: {fileID: 1677604991304748497}
  m_Material: {fileID: 13400000, guid: 241dc895533a4b744a32f444b25f2501, type: 2}
  m_IsTrigger: 0
  m_Enabled: 1
  serializedVersion: 2
  m_Size: {x: 1.0000002, y: 0.99999994, z: 1.0000002}
  m_Center: {x: 0, y: -0.00000047683716, z: 2.842171e-14}
--- !u!1 &3932674822919744012
GameObject:
  m_ObjectHideFlags: 0
  m_CorrespondingSourceObject: {fileID: 0}
  m_PrefabInstance: {fileID: 0}
  m_PrefabAsset: {fileID: 0}
  serializedVersion: 6
  m_Component:
  - component: {fileID: 4281458222585072210}
  - component: {fileID: 1808999871204993868}
  m_Layer: 0
  m_Name: WeightItemPlaceBack
  m_TagString: Untagged
  m_Icon: {fileID: 0}
  m_NavMeshLayer: 0
  m_StaticEditorFlags: 0
  m_IsActive: 1
--- !u!4 &4281458222585072210
Transform:
  m_ObjectHideFlags: 0
  m_CorrespondingSourceObject: {fileID: 0}
  m_PrefabInstance: {fileID: 0}
  m_PrefabAsset: {fileID: 0}
  m_GameObject: {fileID: 3932674822919744012}
  m_LocalRotation: {x: 0, y: 0, z: 0, w: 1}
  m_LocalPosition: {x: -5.48, y: 0, z: -17.8}
  m_LocalScale: {x: 1, y: 1, z: 1}
  m_Children:
  - {fileID: 2121505202023866022}
  m_Father: {fileID: 8806136674377312488}
  m_RootOrder: 5
  m_LocalEulerAnglesHint: {x: 0, y: 0, z: 0}
--- !u!114 &1808999871204993868
MonoBehaviour:
  m_ObjectHideFlags: 0
  m_CorrespondingSourceObject: {fileID: 0}
  m_PrefabInstance: {fileID: 0}
  m_PrefabAsset: {fileID: 0}
  m_GameObject: {fileID: 3932674822919744012}
  m_Enabled: 1
  m_EditorHideFlags: 0
  m_Script: {fileID: 11500000, guid: 9e467f3bde42a984889251a470433551, type: 3}
  m_Name: 
  m_EditorClassIdentifier: 
  Stacks: []
--- !u!64 &1961488761618369261
MeshCollider:
  m_ObjectHideFlags: 0
  m_CorrespondingSourceObject: {fileID: 0}
  m_PrefabInstance: {fileID: 0}
  m_PrefabAsset: {fileID: 0}
  m_GameObject: {fileID: 6805474324678877290}
  m_Material: {fileID: 13400000, guid: 241dc895533a4b744a32f444b25f2501, type: 2}
  m_IsTrigger: 0
  m_Enabled: 1
  serializedVersion: 4
  m_Convex: 0
  m_CookingOptions: 30
  m_Mesh: {fileID: 1848924527908158099, guid: 36563b160ac912345a8f0cc4e93c7e8f, type: 3}
--- !u!1 &8806136672803879955
GameObject:
  m_ObjectHideFlags: 0
  m_CorrespondingSourceObject: {fileID: 0}
  m_PrefabInstance: {fileID: 0}
  m_PrefabAsset: {fileID: 0}
  serializedVersion: 6
  m_Component:
  - component: {fileID: 8806136672803879954}
  m_Layer: 0
  m_Name: Cubes
  m_TagString: Untagged
  m_Icon: {fileID: 0}
  m_NavMeshLayer: 0
  m_StaticEditorFlags: 0
  m_IsActive: 1
--- !u!4 &8806136672803879954
Transform:
  m_ObjectHideFlags: 0
  m_CorrespondingSourceObject: {fileID: 0}
  m_PrefabInstance: {fileID: 0}
  m_PrefabAsset: {fileID: 0}
  m_GameObject: {fileID: 8806136672803879955}
  m_LocalRotation: {x: 0, y: 0, z: 0, w: 1}
  m_LocalPosition: {x: 0, y: 0, z: 0}
  m_LocalScale: {x: 1, y: 1, z: 1}
  m_Children:
  - {fileID: 8507528412344023088}
  - {fileID: 4111324949514867644}
  - {fileID: 1898254253550738010}
  - {fileID: 5322375402252293625}
  - {fileID: 2840211348136998694}
  - {fileID: 5508355745534127040}
  m_Father: {fileID: 8806136674377312488}
  m_RootOrder: 6
  m_LocalEulerAnglesHint: {x: 0, y: 0, z: 0}
--- !u!1 &8806136673344961857
GameObject:
  m_ObjectHideFlags: 0
  m_CorrespondingSourceObject: {fileID: 0}
  m_PrefabInstance: {fileID: 0}
  m_PrefabAsset: {fileID: 0}
  serializedVersion: 6
  m_Component:
  - component: {fileID: 8806136673344961856}
  - component: {fileID: 8806136673344961863}
  m_Layer: 0
  m_Name: WeightItemPlaceRight
  m_TagString: Untagged
  m_Icon: {fileID: 0}
  m_NavMeshLayer: 0
  m_StaticEditorFlags: 0
  m_IsActive: 1
--- !u!4 &8806136673344961856
Transform:
  m_ObjectHideFlags: 0
  m_CorrespondingSourceObject: {fileID: 0}
  m_PrefabInstance: {fileID: 0}
  m_PrefabAsset: {fileID: 0}
  m_GameObject: {fileID: 8806136673344961857}
  m_LocalRotation: {x: 0, y: 0, z: 0, w: 1}
  m_LocalPosition: {x: 14.6, y: 0, z: 0}
  m_LocalScale: {x: 1, y: 1, z: 1}
  m_Children:
  - {fileID: 4289570614448229382}
  - {fileID: 2810713596117269822}
  m_Father: {fileID: 8806136674377312488}
  m_RootOrder: 3
  m_LocalEulerAnglesHint: {x: 0, y: 0, z: 0}
--- !u!114 &8806136673344961863
MonoBehaviour:
  m_ObjectHideFlags: 0
  m_CorrespondingSourceObject: {fileID: 0}
  m_PrefabInstance: {fileID: 0}
  m_PrefabAsset: {fileID: 0}
  m_GameObject: {fileID: 8806136673344961857}
  m_Enabled: 1
  m_EditorHideFlags: 0
  m_Script: {fileID: 11500000, guid: 9e467f3bde42a984889251a470433551, type: 3}
  m_Name: 
  m_EditorClassIdentifier: 
  Stacks: []
--- !u!1 &8806136673691119851
GameObject:
  m_ObjectHideFlags: 0
  m_CorrespondingSourceObject: {fileID: 0}
  m_PrefabInstance: {fileID: 0}
  m_PrefabAsset: {fileID: 0}
  serializedVersion: 6
  m_Component:
  - component: {fileID: 8806136673691119850}
  - component: {fileID: 8806136673691119849}
  m_Layer: 0
  m_Name: WeightItemPlaceLeft
  m_TagString: Untagged
  m_Icon: {fileID: 0}
  m_NavMeshLayer: 0
  m_StaticEditorFlags: 0
  m_IsActive: 1
--- !u!4 &8806136673691119850
Transform:
  m_ObjectHideFlags: 0
  m_CorrespondingSourceObject: {fileID: 0}
  m_PrefabInstance: {fileID: 0}
  m_PrefabAsset: {fileID: 0}
  m_GameObject: {fileID: 8806136673691119851}
  m_LocalRotation: {x: 0, y: 0, z: 0, w: 1}
  m_LocalPosition: {x: -14.6, y: 0, z: 0}
  m_LocalScale: {x: 1, y: 1, z: 1}
  m_Children:
  - {fileID: 424163850687967518}
  - {fileID: 5157492265390133567}
  m_Father: {fileID: 8806136674377312488}
  m_RootOrder: 4
  m_LocalEulerAnglesHint: {x: 0, y: 0, z: 0}
--- !u!114 &8806136673691119849
MonoBehaviour:
  m_ObjectHideFlags: 0
  m_CorrespondingSourceObject: {fileID: 0}
  m_PrefabInstance: {fileID: 0}
  m_PrefabAsset: {fileID: 0}
  m_GameObject: {fileID: 8806136673691119851}
  m_Enabled: 1
  m_EditorHideFlags: 0
  m_Script: {fileID: 11500000, guid: 9e467f3bde42a984889251a470433551, type: 3}
  m_Name: 
  m_EditorClassIdentifier: 
  Stacks: []
--- !u!1 &8806136673942323133
GameObject:
  m_ObjectHideFlags: 0
  m_CorrespondingSourceObject: {fileID: 0}
  m_PrefabInstance: {fileID: 0}
  m_PrefabAsset: {fileID: 0}
  serializedVersion: 6
  m_Component:
  - component: {fileID: 8806136673942323121}
  - component: {fileID: 8806136673942323122}
  - component: {fileID: 8806136673942323123}
  - component: {fileID: 2187427716419282035}
  m_Layer: 0
  m_Name: model
  m_TagString: Untagged
  m_Icon: {fileID: 0}
  m_NavMeshLayer: 0
  m_StaticEditorFlags: 0
  m_IsActive: 0
--- !u!4 &8806136673942323121
Transform:
  m_ObjectHideFlags: 0
  m_CorrespondingSourceObject: {fileID: 0}
  m_PrefabInstance: {fileID: 0}
  m_PrefabAsset: {fileID: 0}
  m_GameObject: {fileID: 8806136673942323133}
  m_LocalRotation: {x: -0, y: -0, z: -0, w: 1}
  m_LocalPosition: {x: 0, y: 1.2, z: 0}
  m_LocalScale: {x: 48, y: 2.4, z: 20}
  m_Children: []
  m_Father: {fileID: 8806136674377312488}
  m_RootOrder: 0
  m_LocalEulerAnglesHint: {x: 0, y: 0, z: 0}
--- !u!33 &8806136673942323122
MeshFilter:
  m_ObjectHideFlags: 0
  m_CorrespondingSourceObject: {fileID: 0}
  m_PrefabInstance: {fileID: 0}
  m_PrefabAsset: {fileID: 0}
  m_GameObject: {fileID: 8806136673942323133}
  m_Mesh: {fileID: 10202, guid: 0000000000000000e000000000000000, type: 0}
--- !u!23 &8806136673942323123
MeshRenderer:
  m_ObjectHideFlags: 0
  m_CorrespondingSourceObject: {fileID: 0}
  m_PrefabInstance: {fileID: 0}
  m_PrefabAsset: {fileID: 0}
  m_GameObject: {fileID: 8806136673942323133}
  m_Enabled: 1
  m_CastShadows: 1
  m_ReceiveShadows: 1
  m_DynamicOccludee: 1
  m_MotionVectors: 1
  m_LightProbeUsage: 1
  m_ReflectionProbeUsage: 1
  m_RayTracingMode: 2
  m_RenderingLayerMask: 1
  m_RendererPriority: 0
  m_Materials:
  - {fileID: 2100000, guid: e5828bf1c5db77a4695d02ae73699f41, type: 2}
  m_StaticBatchInfo:
    firstSubMesh: 0
    subMeshCount: 0
  m_StaticBatchRoot: {fileID: 0}
  m_ProbeAnchor: {fileID: 0}
  m_LightProbeVolumeOverride: {fileID: 0}
  m_ScaleInLightmap: 1
  m_ReceiveGI: 1
  m_PreserveUVs: 0
  m_IgnoreNormalsForChartDetection: 0
  m_ImportantGI: 0
  m_StitchLightmapSeams: 1
  m_SelectedEditorRenderState: 3
  m_MinimumChartSize: 4
  m_AutoUVMaxDistance: 0.5
  m_AutoUVMaxAngle: 89
  m_LightmapParameters: {fileID: 0}
  m_SortingLayerID: 0
  m_SortingLayer: 0
  m_SortingOrder: 0
--- !u!65 &2187427716419282035
BoxCollider:
  m_ObjectHideFlags: 0
  m_CorrespondingSourceObject: {fileID: 0}
  m_PrefabInstance: {fileID: 0}
  m_PrefabAsset: {fileID: 0}
  m_GameObject: {fileID: 8806136673942323133}
  m_Material: {fileID: 13400000, guid: 241dc895533a4b744a32f444b25f2501, type: 2}
  m_IsTrigger: 0
  m_Enabled: 1
  serializedVersion: 2
  m_Size: {x: 1, y: 0.99999994, z: 1}
  m_Center: {x: 0, y: -0.00000047683716, z: 0}
--- !u!1 &8806136674377312489
GameObject:
  m_ObjectHideFlags: 0
  m_CorrespondingSourceObject: {fileID: 0}
  m_PrefabInstance: {fileID: 0}
  m_PrefabAsset: {fileID: 0}
  serializedVersion: 6
  m_Component:
  - component: {fileID: 8806136674377312488}
  - component: {fileID: 8806136674377312495}
  m_Layer: 0
  m_Name: seesaw4
  m_TagString: Untagged
  m_Icon: {fileID: 0}
  m_NavMeshLayer: 0
  m_StaticEditorFlags: 0
  m_IsActive: 1
--- !u!4 &8806136674377312488
Transform:
  m_ObjectHideFlags: 0
  m_CorrespondingSourceObject: {fileID: 0}
  m_PrefabInstance: {fileID: 0}
  m_PrefabAsset: {fileID: 0}
  m_GameObject: {fileID: 8806136674377312489}
  m_LocalRotation: {x: 0, y: 0, z: 0, w: 1}
  m_LocalPosition: {x: 0, y: 12.9, z: -63.4}
  m_LocalScale: {x: 1, y: 1, z: 1}
  m_Children:
  - {fileID: 8806136673942323121}
  - {fileID: 4562731615743458433}
  - {fileID: 6724036173879649755}
  - {fileID: 8806136673344961856}
  - {fileID: 8806136673691119850}
  - {fileID: 4281458222585072210}
  - {fileID: 8806136672803879954}
  m_Father: {fileID: 0}
  m_RootOrder: 0
  m_LocalEulerAnglesHint: {x: 0, y: 0, z: 0}
--- !u!114 &8806136674377312495
MonoBehaviour:
  m_ObjectHideFlags: 0
  m_CorrespondingSourceObject: {fileID: 0}
  m_PrefabInstance: {fileID: 0}
  m_PrefabAsset: {fileID: 0}
  m_GameObject: {fileID: 8806136674377312489}
  m_Enabled: 1
  m_EditorHideFlags: 0
  m_Script: {fileID: 11500000, guid: 02d10cfaf94e75c45a391790dc3b267b, type: 3}
  m_Name: 
  m_EditorClassIdentifier: 
  _angleDifference: 1
  _changeDuration: 1
  _travelSpeed: 100
  _totalVectorMultiplier: 1
  _breakMagnitude: 27
  _breakForceMultiplier: 1
  _maxMagnitudeToWin: 1.1
  _maxStackedCubeCount: 3
  Places: []
--- !u!1001 &660336345419692742
PrefabInstance:
  m_ObjectHideFlags: 0
  serializedVersion: 2
  m_Modification:
    m_TransformParent: {fileID: 8806136672803879954}
    m_Modifications:
    - target: {fileID: 3333659074766572575, guid: 7f160c4e78c37dc44aec02aaa7aab321,
        type: 3}
      propertyPath: _colorId
      value: 4
      objectReference: {fileID: 0}
    - target: {fileID: 3333659074766573024, guid: 7f160c4e78c37dc44aec02aaa7aab321,
        type: 3}
      propertyPath: m_LocalPosition.x
      value: 4.6000004
      objectReference: {fileID: 0}
    - target: {fileID: 3333659074766573024, guid: 7f160c4e78c37dc44aec02aaa7aab321,
        type: 3}
      propertyPath: m_LocalPosition.y
      value: 5
      objectReference: {fileID: 0}
    - target: {fileID: 3333659074766573024, guid: 7f160c4e78c37dc44aec02aaa7aab321,
        type: 3}
      propertyPath: m_LocalPosition.z
      value: 16.8
      objectReference: {fileID: 0}
    - target: {fileID: 3333659074766573024, guid: 7f160c4e78c37dc44aec02aaa7aab321,
        type: 3}
      propertyPath: m_LocalRotation.x
      value: -0
      objectReference: {fileID: 0}
    - target: {fileID: 3333659074766573024, guid: 7f160c4e78c37dc44aec02aaa7aab321,
        type: 3}
      propertyPath: m_LocalRotation.y
      value: -0
      objectReference: {fileID: 0}
    - target: {fileID: 3333659074766573024, guid: 7f160c4e78c37dc44aec02aaa7aab321,
        type: 3}
      propertyPath: m_LocalRotation.z
      value: -0
      objectReference: {fileID: 0}
    - target: {fileID: 3333659074766573024, guid: 7f160c4e78c37dc44aec02aaa7aab321,
        type: 3}
      propertyPath: m_LocalRotation.w
      value: 1
      objectReference: {fileID: 0}
    - target: {fileID: 3333659074766573024, guid: 7f160c4e78c37dc44aec02aaa7aab321,
        type: 3}
      propertyPath: m_RootOrder
      value: 4
      objectReference: {fileID: 0}
    - target: {fileID: 3333659074766573024, guid: 7f160c4e78c37dc44aec02aaa7aab321,
        type: 3}
      propertyPath: m_LocalEulerAnglesHint.x
      value: 0
      objectReference: {fileID: 0}
    - target: {fileID: 3333659074766573024, guid: 7f160c4e78c37dc44aec02aaa7aab321,
        type: 3}
      propertyPath: m_LocalEulerAnglesHint.y
      value: 0
      objectReference: {fileID: 0}
    - target: {fileID: 3333659074766573024, guid: 7f160c4e78c37dc44aec02aaa7aab321,
        type: 3}
      propertyPath: m_LocalEulerAnglesHint.z
      value: 0
      objectReference: {fileID: 0}
    - target: {fileID: 3333659074766573025, guid: 7f160c4e78c37dc44aec02aaa7aab321,
        type: 3}
      propertyPath: m_Name
      value: Cube (10)
      objectReference: {fileID: 0}
    m_RemovedComponents: []
  m_SourcePrefab: {fileID: 100100000, guid: 7f160c4e78c37dc44aec02aaa7aab321, type: 3}
--- !u!114 &2840211348136998617 stripped
MonoBehaviour:
  m_CorrespondingSourceObject: {fileID: 3333659074766572575, guid: 7f160c4e78c37dc44aec02aaa7aab321,
    type: 3}
  m_PrefabInstance: {fileID: 660336345419692742}
  m_PrefabAsset: {fileID: 0}
  m_GameObject: {fileID: 0}
  m_Enabled: 1
  m_EditorHideFlags: 0
  m_Script: {fileID: 11500000, guid: 1753348002b07884f8e24f7c59cbdd65, type: 3}
  m_Name: 
  m_EditorClassIdentifier: 
--- !u!4 &2840211348136998694 stripped
Transform:
  m_CorrespondingSourceObject: {fileID: 3333659074766573024, guid: 7f160c4e78c37dc44aec02aaa7aab321,
    type: 3}
  m_PrefabInstance: {fileID: 660336345419692742}
  m_PrefabAsset: {fileID: 0}
--- !u!1001 &1127588894192982071
PrefabInstance:
  m_ObjectHideFlags: 0
  serializedVersion: 2
  m_Modification:
    m_TransformParent: {fileID: 8806136673691119850}
    m_Modifications:
    - target: {fileID: 5203091074161772808, guid: 4eb5334f683d0714db7bc3ee890336a9,
        type: 3}
      propertyPath: m_LocalPosition.x
      value: -4.3
      objectReference: {fileID: 0}
    - target: {fileID: 5203091074161772808, guid: 4eb5334f683d0714db7bc3ee890336a9,
        type: 3}
      propertyPath: m_LocalPosition.y
      value: 3.29
      objectReference: {fileID: 0}
    - target: {fileID: 5203091074161772808, guid: 4eb5334f683d0714db7bc3ee890336a9,
        type: 3}
      propertyPath: m_LocalPosition.z
      value: 0
      objectReference: {fileID: 0}
    - target: {fileID: 5203091074161772808, guid: 4eb5334f683d0714db7bc3ee890336a9,
        type: 3}
      propertyPath: m_LocalRotation.x
      value: -0
      objectReference: {fileID: 0}
    - target: {fileID: 5203091074161772808, guid: 4eb5334f683d0714db7bc3ee890336a9,
        type: 3}
      propertyPath: m_LocalRotation.y
      value: -0
      objectReference: {fileID: 0}
    - target: {fileID: 5203091074161772808, guid: 4eb5334f683d0714db7bc3ee890336a9,
        type: 3}
      propertyPath: m_LocalRotation.z
      value: -0
      objectReference: {fileID: 0}
    - target: {fileID: 5203091074161772808, guid: 4eb5334f683d0714db7bc3ee890336a9,
        type: 3}
      propertyPath: m_LocalRotation.w
      value: 1
      objectReference: {fileID: 0}
    - target: {fileID: 5203091074161772808, guid: 4eb5334f683d0714db7bc3ee890336a9,
        type: 3}
      propertyPath: m_RootOrder
      value: 1
      objectReference: {fileID: 0}
    - target: {fileID: 5203091074161772808, guid: 4eb5334f683d0714db7bc3ee890336a9,
        type: 3}
      propertyPath: m_LocalEulerAnglesHint.x
      value: 0
      objectReference: {fileID: 0}
    - target: {fileID: 5203091074161772808, guid: 4eb5334f683d0714db7bc3ee890336a9,
        type: 3}
      propertyPath: m_LocalEulerAnglesHint.y
      value: 0
      objectReference: {fileID: 0}
    - target: {fileID: 5203091074161772808, guid: 4eb5334f683d0714db7bc3ee890336a9,
        type: 3}
      propertyPath: m_LocalEulerAnglesHint.z
      value: 0
      objectReference: {fileID: 0}
    - target: {fileID: 5203091074161772811, guid: 4eb5334f683d0714db7bc3ee890336a9,
        type: 3}
      propertyPath: m_Name
      value: WeightItemStack (3)
      objectReference: {fileID: 0}
    - target: {fileID: 5203091074161772814, guid: 4eb5334f683d0714db7bc3ee890336a9,
        type: 3}
      propertyPath: WeightCubes.Array.size
      value: 3
      objectReference: {fileID: 0}
    - target: {fileID: 5203091074161772814, guid: 4eb5334f683d0714db7bc3ee890336a9,
        type: 3}
      propertyPath: WeightCubes.Array.data[0]
      value: 
      objectReference: {fileID: 5322375402252293126}
    - target: {fileID: 5203091074161772814, guid: 4eb5334f683d0714db7bc3ee890336a9,
        type: 3}
      propertyPath: WeightCubes.Array.data[1]
      value: 
      objectReference: {fileID: 2840211348136998617}
    - target: {fileID: 5203091074161772814, guid: 4eb5334f683d0714db7bc3ee890336a9,
        type: 3}
      propertyPath: _rotateAmount.z
      value: 1
      objectReference: {fileID: 0}
    - target: {fileID: 5203091074161772814, guid: 4eb5334f683d0714db7bc3ee890336a9,
        type: 3}
      propertyPath: WeightCubes.Array.data[2]
      value: 
      objectReference: {fileID: 5508355745534126655}
    m_RemovedComponents: []
  m_SourcePrefab: {fileID: 100100000, guid: 4eb5334f683d0714db7bc3ee890336a9, type: 3}
--- !u!4 &5157492265390133567 stripped
Transform:
  m_CorrespondingSourceObject: {fileID: 5203091074161772808, guid: 4eb5334f683d0714db7bc3ee890336a9,
    type: 3}
  m_PrefabInstance: {fileID: 1127588894192982071}
  m_PrefabAsset: {fileID: 0}
--- !u!1001 &1679232459397455452
PrefabInstance:
  m_ObjectHideFlags: 0
  serializedVersion: 2
  m_Modification:
    m_TransformParent: {fileID: 8806136672803879954}
    m_Modifications:
    - target: {fileID: 3333659074766572575, guid: 7f160c4e78c37dc44aec02aaa7aab321,
        type: 3}
      propertyPath: _colorId
      value: 1
      objectReference: {fileID: 0}
    - target: {fileID: 3333659074766573024, guid: 7f160c4e78c37dc44aec02aaa7aab321,
        type: 3}
      propertyPath: m_LocalPosition.x
      value: 4.6000004
      objectReference: {fileID: 0}
    - target: {fileID: 3333659074766573024, guid: 7f160c4e78c37dc44aec02aaa7aab321,
        type: 3}
      propertyPath: m_LocalPosition.y
      value: 5
      objectReference: {fileID: 0}
    - target: {fileID: 3333659074766573024, guid: 7f160c4e78c37dc44aec02aaa7aab321,
        type: 3}
      propertyPath: m_LocalPosition.z
      value: 16.8
      objectReference: {fileID: 0}
    - target: {fileID: 3333659074766573024, guid: 7f160c4e78c37dc44aec02aaa7aab321,
        type: 3}
      propertyPath: m_LocalRotation.x
      value: -0
      objectReference: {fileID: 0}
    - target: {fileID: 3333659074766573024, guid: 7f160c4e78c37dc44aec02aaa7aab321,
        type: 3}
      propertyPath: m_LocalRotation.y
      value: -0
      objectReference: {fileID: 0}
    - target: {fileID: 3333659074766573024, guid: 7f160c4e78c37dc44aec02aaa7aab321,
        type: 3}
      propertyPath: m_LocalRotation.z
      value: -0
      objectReference: {fileID: 0}
    - target: {fileID: 3333659074766573024, guid: 7f160c4e78c37dc44aec02aaa7aab321,
        type: 3}
      propertyPath: m_LocalRotation.w
      value: 1
      objectReference: {fileID: 0}
    - target: {fileID: 3333659074766573024, guid: 7f160c4e78c37dc44aec02aaa7aab321,
        type: 3}
      propertyPath: m_RootOrder
      value: 1
      objectReference: {fileID: 0}
    - target: {fileID: 3333659074766573024, guid: 7f160c4e78c37dc44aec02aaa7aab321,
        type: 3}
      propertyPath: m_LocalEulerAnglesHint.x
      value: 0
      objectReference: {fileID: 0}
    - target: {fileID: 3333659074766573024, guid: 7f160c4e78c37dc44aec02aaa7aab321,
        type: 3}
      propertyPath: m_LocalEulerAnglesHint.y
      value: 0
      objectReference: {fileID: 0}
    - target: {fileID: 3333659074766573024, guid: 7f160c4e78c37dc44aec02aaa7aab321,
        type: 3}
      propertyPath: m_LocalEulerAnglesHint.z
      value: 0
      objectReference: {fileID: 0}
    - target: {fileID: 3333659074766573025, guid: 7f160c4e78c37dc44aec02aaa7aab321,
        type: 3}
      propertyPath: m_Name
      value: Cube (7)
      objectReference: {fileID: 0}
    m_RemovedComponents: []
  m_SourcePrefab: {fileID: 100100000, guid: 7f160c4e78c37dc44aec02aaa7aab321, type: 3}
--- !u!4 &4111324949514867644 stripped
Transform:
  m_CorrespondingSourceObject: {fileID: 3333659074766573024, guid: 7f160c4e78c37dc44aec02aaa7aab321,
    type: 3}
  m_PrefabInstance: {fileID: 1679232459397455452}
  m_PrefabAsset: {fileID: 0}
--- !u!114 &4111324949514867267 stripped
MonoBehaviour:
  m_CorrespondingSourceObject: {fileID: 3333659074766572575, guid: 7f160c4e78c37dc44aec02aaa7aab321,
    type: 3}
  m_PrefabInstance: {fileID: 1679232459397455452}
  m_PrefabAsset: {fileID: 0}
  m_GameObject: {fileID: 0}
  m_Enabled: 1
  m_EditorHideFlags: 0
  m_Script: {fileID: 11500000, guid: 1753348002b07884f8e24f7c59cbdd65, type: 3}
  m_Name: 
  m_EditorClassIdentifier: 
--- !u!1001 &3752762291074635706
PrefabInstance:
  m_ObjectHideFlags: 0
  serializedVersion: 2
  m_Modification:
    m_TransformParent: {fileID: 8806136672803879954}
    m_Modifications:
    - target: {fileID: 3333659074766572575, guid: 7f160c4e78c37dc44aec02aaa7aab321,
        type: 3}
      propertyPath: _colorId
      value: 2
      objectReference: {fileID: 0}
    - target: {fileID: 3333659074766573024, guid: 7f160c4e78c37dc44aec02aaa7aab321,
        type: 3}
      propertyPath: m_LocalPosition.x
      value: 4.6000004
      objectReference: {fileID: 0}
    - target: {fileID: 3333659074766573024, guid: 7f160c4e78c37dc44aec02aaa7aab321,
        type: 3}
      propertyPath: m_LocalPosition.y
      value: 5
      objectReference: {fileID: 0}
    - target: {fileID: 3333659074766573024, guid: 7f160c4e78c37dc44aec02aaa7aab321,
        type: 3}
      propertyPath: m_LocalPosition.z
      value: 16.8
      objectReference: {fileID: 0}
    - target: {fileID: 3333659074766573024, guid: 7f160c4e78c37dc44aec02aaa7aab321,
        type: 3}
      propertyPath: m_LocalRotation.x
      value: -0
      objectReference: {fileID: 0}
    - target: {fileID: 3333659074766573024, guid: 7f160c4e78c37dc44aec02aaa7aab321,
        type: 3}
      propertyPath: m_LocalRotation.y
      value: -0
      objectReference: {fileID: 0}
    - target: {fileID: 3333659074766573024, guid: 7f160c4e78c37dc44aec02aaa7aab321,
        type: 3}
      propertyPath: m_LocalRotation.z
      value: -0
      objectReference: {fileID: 0}
    - target: {fileID: 3333659074766573024, guid: 7f160c4e78c37dc44aec02aaa7aab321,
        type: 3}
      propertyPath: m_LocalRotation.w
      value: 1
      objectReference: {fileID: 0}
    - target: {fileID: 3333659074766573024, guid: 7f160c4e78c37dc44aec02aaa7aab321,
        type: 3}
      propertyPath: m_RootOrder
      value: 2
      objectReference: {fileID: 0}
    - target: {fileID: 3333659074766573024, guid: 7f160c4e78c37dc44aec02aaa7aab321,
        type: 3}
      propertyPath: m_LocalEulerAnglesHint.x
      value: 0
      objectReference: {fileID: 0}
    - target: {fileID: 3333659074766573024, guid: 7f160c4e78c37dc44aec02aaa7aab321,
        type: 3}
      propertyPath: m_LocalEulerAnglesHint.y
      value: 0
      objectReference: {fileID: 0}
    - target: {fileID: 3333659074766573024, guid: 7f160c4e78c37dc44aec02aaa7aab321,
        type: 3}
      propertyPath: m_LocalEulerAnglesHint.z
      value: 0
      objectReference: {fileID: 0}
    - target: {fileID: 3333659074766573025, guid: 7f160c4e78c37dc44aec02aaa7aab321,
        type: 3}
      propertyPath: m_Name
      value: Cube (8)
      objectReference: {fileID: 0}
    m_RemovedComponents: []
  m_SourcePrefab: {fileID: 100100000, guid: 7f160c4e78c37dc44aec02aaa7aab321, type: 3}
--- !u!4 &1898254253550738010 stripped
Transform:
  m_CorrespondingSourceObject: {fileID: 3333659074766573024, guid: 7f160c4e78c37dc44aec02aaa7aab321,
    type: 3}
  m_PrefabInstance: {fileID: 3752762291074635706}
  m_PrefabAsset: {fileID: 0}
--- !u!114 &1898254253550738341 stripped
MonoBehaviour:
  m_CorrespondingSourceObject: {fileID: 3333659074766572575, guid: 7f160c4e78c37dc44aec02aaa7aab321,
    type: 3}
  m_PrefabInstance: {fileID: 3752762291074635706}
  m_PrefabAsset: {fileID: 0}
  m_GameObject: {fileID: 0}
  m_Enabled: 1
  m_EditorHideFlags: 0
  m_Script: {fileID: 11500000, guid: 1753348002b07884f8e24f7c59cbdd65, type: 3}
  m_Name: 
  m_EditorClassIdentifier: 
--- !u!1001 &5609225663328974870
PrefabInstance:
  m_ObjectHideFlags: 0
  serializedVersion: 2
  m_Modification:
    m_TransformParent: {fileID: 8806136673691119850}
    m_Modifications:
    - target: {fileID: 5203091074161772808, guid: 4eb5334f683d0714db7bc3ee890336a9,
        type: 3}
      propertyPath: m_LocalPosition.x
      value: 4.9699984
      objectReference: {fileID: 0}
    - target: {fileID: 5203091074161772808, guid: 4eb5334f683d0714db7bc3ee890336a9,
        type: 3}
      propertyPath: m_LocalPosition.y
      value: 3.29
      objectReference: {fileID: 0}
    - target: {fileID: 5203091074161772808, guid: 4eb5334f683d0714db7bc3ee890336a9,
        type: 3}
      propertyPath: m_LocalPosition.z
      value: 0
      objectReference: {fileID: 0}
    - target: {fileID: 5203091074161772808, guid: 4eb5334f683d0714db7bc3ee890336a9,
        type: 3}
      propertyPath: m_LocalRotation.x
      value: -0
      objectReference: {fileID: 0}
    - target: {fileID: 5203091074161772808, guid: 4eb5334f683d0714db7bc3ee890336a9,
        type: 3}
      propertyPath: m_LocalRotation.y
      value: -0
      objectReference: {fileID: 0}
    - target: {fileID: 5203091074161772808, guid: 4eb5334f683d0714db7bc3ee890336a9,
        type: 3}
      propertyPath: m_LocalRotation.z
      value: -0
      objectReference: {fileID: 0}
    - target: {fileID: 5203091074161772808, guid: 4eb5334f683d0714db7bc3ee890336a9,
        type: 3}
      propertyPath: m_LocalRotation.w
      value: 1
      objectReference: {fileID: 0}
    - target: {fileID: 5203091074161772808, guid: 4eb5334f683d0714db7bc3ee890336a9,
        type: 3}
      propertyPath: m_RootOrder
      value: 0
      objectReference: {fileID: 0}
    - target: {fileID: 5203091074161772808, guid: 4eb5334f683d0714db7bc3ee890336a9,
        type: 3}
      propertyPath: m_LocalEulerAnglesHint.x
      value: 0
      objectReference: {fileID: 0}
    - target: {fileID: 5203091074161772808, guid: 4eb5334f683d0714db7bc3ee890336a9,
        type: 3}
      propertyPath: m_LocalEulerAnglesHint.y
      value: 0
      objectReference: {fileID: 0}
    - target: {fileID: 5203091074161772808, guid: 4eb5334f683d0714db7bc3ee890336a9,
        type: 3}
      propertyPath: m_LocalEulerAnglesHint.z
      value: 0
      objectReference: {fileID: 0}
    - target: {fileID: 5203091074161772811, guid: 4eb5334f683d0714db7bc3ee890336a9,
        type: 3}
      propertyPath: m_Name
      value: WeightItemStack (2)
      objectReference: {fileID: 0}
    - target: {fileID: 5203091074161772814, guid: 4eb5334f683d0714db7bc3ee890336a9,
        type: 3}
      propertyPath: WeightCubes.Array.size
      value: 0
      objectReference: {fileID: 0}
    - target: {fileID: 5203091074161772814, guid: 4eb5334f683d0714db7bc3ee890336a9,
        type: 3}
      propertyPath: WeightCubes.Array.data[0]
      value: 
      objectReference: {fileID: 0}
    - target: {fileID: 5203091074161772814, guid: 4eb5334f683d0714db7bc3ee890336a9,
        type: 3}
      propertyPath: WeightCubes.Array.data[1]
      value: 
      objectReference: {fileID: 0}
    - target: {fileID: 5203091074161772814, guid: 4eb5334f683d0714db7bc3ee890336a9,
        type: 3}
      propertyPath: _rotateAmount.z
      value: 0.5
      objectReference: {fileID: 0}
    m_RemovedComponents: []
  m_SourcePrefab: {fileID: 100100000, guid: 4eb5334f683d0714db7bc3ee890336a9, type: 3}
--- !u!4 &424163850687967518 stripped
Transform:
  m_CorrespondingSourceObject: {fileID: 5203091074161772808, guid: 4eb5334f683d0714db7bc3ee890336a9,
    type: 3}
  m_PrefabInstance: {fileID: 5609225663328974870}
  m_PrefabAsset: {fileID: 0}
--- !u!1001 &5736529508332508116
PrefabInstance:
  m_ObjectHideFlags: 0
  serializedVersion: 2
  m_Modification:
    m_TransformParent: {fileID: 8806136674377312488}
    m_Modifications:
    - target: {fileID: 1354647217504105999, guid: 9c3019b2fc4190e47baac16656faaf75,
        type: 3}
      propertyPath: m_LocalPosition.x
      value: 0
      objectReference: {fileID: 0}
    - target: {fileID: 1354647217504105999, guid: 9c3019b2fc4190e47baac16656faaf75,
        type: 3}
      propertyPath: m_LocalPosition.y
      value: 1.8
      objectReference: {fileID: 0}
    - target: {fileID: 1354647217504105999, guid: 9c3019b2fc4190e47baac16656faaf75,
        type: 3}
      propertyPath: m_LocalPosition.z
      value: 0
      objectReference: {fileID: 0}
    - target: {fileID: 1354647217504105999, guid: 9c3019b2fc4190e47baac16656faaf75,
        type: 3}
      propertyPath: m_LocalRotation.x
      value: 0
      objectReference: {fileID: 0}
    - target: {fileID: 1354647217504105999, guid: 9c3019b2fc4190e47baac16656faaf75,
        type: 3}
      propertyPath: m_LocalRotation.y
      value: 1
      objectReference: {fileID: 0}
    - target: {fileID: 1354647217504105999, guid: 9c3019b2fc4190e47baac16656faaf75,
        type: 3}
      propertyPath: m_LocalRotation.z
      value: 0
      objectReference: {fileID: 0}
    - target: {fileID: 1354647217504105999, guid: 9c3019b2fc4190e47baac16656faaf75,
        type: 3}
      propertyPath: m_LocalRotation.w
      value: 0
      objectReference: {fileID: 0}
    - target: {fileID: 1354647217504105999, guid: 9c3019b2fc4190e47baac16656faaf75,
        type: 3}
      propertyPath: m_RootOrder
      value: 2
      objectReference: {fileID: 0}
    - target: {fileID: 1354647217504105999, guid: 9c3019b2fc4190e47baac16656faaf75,
        type: 3}
      propertyPath: m_LocalEulerAnglesHint.x
      value: 0
      objectReference: {fileID: 0}
    - target: {fileID: 1354647217504105999, guid: 9c3019b2fc4190e47baac16656faaf75,
        type: 3}
      propertyPath: m_LocalEulerAnglesHint.y
      value: 180
      objectReference: {fileID: 0}
    - target: {fileID: 1354647217504105999, guid: 9c3019b2fc4190e47baac16656faaf75,
        type: 3}
      propertyPath: m_LocalEulerAnglesHint.z
      value: 0
      objectReference: {fileID: 0}
    - target: {fileID: 1354647217504105999, guid: 9c3019b2fc4190e47baac16656faaf75,
        type: 3}
      propertyPath: m_LocalScale.x
      value: 49.573036
      objectReference: {fileID: 0}
    - target: {fileID: 1354647217504105999, guid: 9c3019b2fc4190e47baac16656faaf75,
        type: 3}
      propertyPath: m_LocalScale.y
      value: 46.054474
      objectReference: {fileID: 0}
    - target: {fileID: 1354647217504105999, guid: 9c3019b2fc4190e47baac16656faaf75,
        type: 3}
      propertyPath: m_LocalScale.z
      value: 50.14411
      objectReference: {fileID: 0}
    - target: {fileID: 2636846240911541276, guid: 9c3019b2fc4190e47baac16656faaf75,
        type: 3}
      propertyPath: m_Name
      value: T_Platform
      objectReference: {fileID: 0}
    m_RemovedComponents: []
  m_SourcePrefab: {fileID: 100100000, guid: 9c3019b2fc4190e47baac16656faaf75, type: 3}
--- !u!4 &6724036173879649755 stripped
Transform:
  m_CorrespondingSourceObject: {fileID: 1354647217504105999, guid: 9c3019b2fc4190e47baac16656faaf75,
    type: 3}
  m_PrefabInstance: {fileID: 5736529508332508116}
  m_PrefabAsset: {fileID: 0}
--- !u!1 &6805474324678877290 stripped
GameObject:
  m_CorrespondingSourceObject: {fileID: 1291928252695327678, guid: 9c3019b2fc4190e47baac16656faaf75,
    type: 3}
  m_PrefabInstance: {fileID: 5736529508332508116}
  m_PrefabAsset: {fileID: 0}
--- !u!1001 &6144051728027064238
PrefabInstance:
  m_ObjectHideFlags: 0
  serializedVersion: 2
  m_Modification:
    m_TransformParent: {fileID: 4281458222585072210}
    m_Modifications:
    - target: {fileID: 5203091074161772808, guid: 4eb5334f683d0714db7bc3ee890336a9,
        type: 3}
      propertyPath: m_LocalPosition.x
      value: 5.5
      objectReference: {fileID: 0}
    - target: {fileID: 5203091074161772808, guid: 4eb5334f683d0714db7bc3ee890336a9,
        type: 3}
      propertyPath: m_LocalPosition.y
      value: 3.29
      objectReference: {fileID: 0}
    - target: {fileID: 5203091074161772808, guid: 4eb5334f683d0714db7bc3ee890336a9,
        type: 3}
      propertyPath: m_LocalPosition.z
      value: 0
      objectReference: {fileID: 0}
    - target: {fileID: 5203091074161772808, guid: 4eb5334f683d0714db7bc3ee890336a9,
        type: 3}
      propertyPath: m_LocalRotation.x
      value: -0
      objectReference: {fileID: 0}
    - target: {fileID: 5203091074161772808, guid: 4eb5334f683d0714db7bc3ee890336a9,
        type: 3}
      propertyPath: m_LocalRotation.y
      value: -0
      objectReference: {fileID: 0}
    - target: {fileID: 5203091074161772808, guid: 4eb5334f683d0714db7bc3ee890336a9,
        type: 3}
      propertyPath: m_LocalRotation.z
      value: -0
      objectReference: {fileID: 0}
    - target: {fileID: 5203091074161772808, guid: 4eb5334f683d0714db7bc3ee890336a9,
        type: 3}
      propertyPath: m_LocalRotation.w
      value: 1
      objectReference: {fileID: 0}
    - target: {fileID: 5203091074161772808, guid: 4eb5334f683d0714db7bc3ee890336a9,
        type: 3}
      propertyPath: m_RootOrder
      value: 0
      objectReference: {fileID: 0}
    - target: {fileID: 5203091074161772808, guid: 4eb5334f683d0714db7bc3ee890336a9,
        type: 3}
      propertyPath: m_LocalEulerAnglesHint.x
      value: 0
      objectReference: {fileID: 0}
    - target: {fileID: 5203091074161772808, guid: 4eb5334f683d0714db7bc3ee890336a9,
        type: 3}
      propertyPath: m_LocalEulerAnglesHint.y
      value: 0
      objectReference: {fileID: 0}
    - target: {fileID: 5203091074161772808, guid: 4eb5334f683d0714db7bc3ee890336a9,
        type: 3}
      propertyPath: m_LocalEulerAnglesHint.z
      value: 0
      objectReference: {fileID: 0}
    - target: {fileID: 5203091074161772809, guid: 4eb5334f683d0714db7bc3ee890336a9,
        type: 3}
      propertyPath: m_Size.z
      value: 16.38
      objectReference: {fileID: 0}
    - target: {fileID: 5203091074161772809, guid: 4eb5334f683d0714db7bc3ee890336a9,
        type: 3}
      propertyPath: m_Size.x
      value: 20
      objectReference: {fileID: 0}
    - target: {fileID: 5203091074161772811, guid: 4eb5334f683d0714db7bc3ee890336a9,
        type: 3}
      propertyPath: m_Name
      value: WeightItemStack (3)
      objectReference: {fileID: 0}
    - target: {fileID: 5203091074161772814, guid: 4eb5334f683d0714db7bc3ee890336a9,
        type: 3}
      propertyPath: WeightCubes.Array.size
      value: 0
      objectReference: {fileID: 0}
    - target: {fileID: 5203091074161772814, guid: 4eb5334f683d0714db7bc3ee890336a9,
        type: 3}
      propertyPath: WeightCubes.Array.data[0]
      value: 
      objectReference: {fileID: 6647214500326263504, guid: ea828fd0a5ff2c74dab13037b1decc72,
        type: 3}
    - target: {fileID: 5203091074161772814, guid: 4eb5334f683d0714db7bc3ee890336a9,
        type: 3}
      propertyPath: WeightCubes.Array.data[1]
      value: 
      objectReference: {fileID: 3641498160150259727, guid: ea828fd0a5ff2c74dab13037b1decc72,
        type: 3}
    - target: {fileID: 5203091074161772814, guid: 4eb5334f683d0714db7bc3ee890336a9,
        type: 3}
      propertyPath: _rotateAmount.z
      value: 0
      objectReference: {fileID: 0}
    - target: {fileID: 5203091074161772814, guid: 4eb5334f683d0714db7bc3ee890336a9,
        type: 3}
      propertyPath: WeightCubes.Array.data[2]
      value: 
      objectReference: {fileID: 6454461156542690537, guid: ea828fd0a5ff2c74dab13037b1decc72,
        type: 3}
    - target: {fileID: 5203091074161772814, guid: 4eb5334f683d0714db7bc3ee890336a9,
        type: 3}
      propertyPath: _rotateAmount.x
      value: -0.5
      objectReference: {fileID: 0}
    m_RemovedComponents: []
  m_SourcePrefab: {fileID: 100100000, guid: 4eb5334f683d0714db7bc3ee890336a9, type: 3}
--- !u!4 &2121505202023866022 stripped
Transform:
  m_CorrespondingSourceObject: {fileID: 5203091074161772808, guid: 4eb5334f683d0714db7bc3ee890336a9,
    type: 3}
  m_PrefabInstance: {fileID: 6144051728027064238}
  m_PrefabAsset: {fileID: 0}
--- !u!1001 &6364528830890571216
PrefabInstance:
  m_ObjectHideFlags: 0
  serializedVersion: 2
  m_Modification:
    m_TransformParent: {fileID: 8806136672803879954}
    m_Modifications:
    - target: {fileID: 3333659074766572575, guid: 7f160c4e78c37dc44aec02aaa7aab321,
        type: 3}
      propertyPath: _colorId
      value: 1
      objectReference: {fileID: 0}
    - target: {fileID: 3333659074766573024, guid: 7f160c4e78c37dc44aec02aaa7aab321,
        type: 3}
      propertyPath: m_LocalPosition.x
      value: 4.6000004
      objectReference: {fileID: 0}
    - target: {fileID: 3333659074766573024, guid: 7f160c4e78c37dc44aec02aaa7aab321,
        type: 3}
      propertyPath: m_LocalPosition.y
      value: 5
      objectReference: {fileID: 0}
    - target: {fileID: 3333659074766573024, guid: 7f160c4e78c37dc44aec02aaa7aab321,
        type: 3}
      propertyPath: m_LocalPosition.z
      value: 16.8
      objectReference: {fileID: 0}
    - target: {fileID: 3333659074766573024, guid: 7f160c4e78c37dc44aec02aaa7aab321,
        type: 3}
      propertyPath: m_LocalRotation.x
      value: -0
      objectReference: {fileID: 0}
    - target: {fileID: 3333659074766573024, guid: 7f160c4e78c37dc44aec02aaa7aab321,
        type: 3}
      propertyPath: m_LocalRotation.y
      value: -0
      objectReference: {fileID: 0}
    - target: {fileID: 3333659074766573024, guid: 7f160c4e78c37dc44aec02aaa7aab321,
        type: 3}
      propertyPath: m_LocalRotation.z
      value: -0
      objectReference: {fileID: 0}
    - target: {fileID: 3333659074766573024, guid: 7f160c4e78c37dc44aec02aaa7aab321,
        type: 3}
      propertyPath: m_LocalRotation.w
      value: 1
      objectReference: {fileID: 0}
    - target: {fileID: 3333659074766573024, guid: 7f160c4e78c37dc44aec02aaa7aab321,
        type: 3}
      propertyPath: m_RootOrder
      value: 0
      objectReference: {fileID: 0}
    - target: {fileID: 3333659074766573024, guid: 7f160c4e78c37dc44aec02aaa7aab321,
        type: 3}
      propertyPath: m_LocalEulerAnglesHint.x
      value: 0
      objectReference: {fileID: 0}
    - target: {fileID: 3333659074766573024, guid: 7f160c4e78c37dc44aec02aaa7aab321,
        type: 3}
      propertyPath: m_LocalEulerAnglesHint.y
      value: 0
      objectReference: {fileID: 0}
    - target: {fileID: 3333659074766573024, guid: 7f160c4e78c37dc44aec02aaa7aab321,
        type: 3}
      propertyPath: m_LocalEulerAnglesHint.z
      value: 0
      objectReference: {fileID: 0}
    - target: {fileID: 3333659074766573025, guid: 7f160c4e78c37dc44aec02aaa7aab321,
        type: 3}
      propertyPath: m_Name
      value: Cube (6)
      objectReference: {fileID: 0}
    m_RemovedComponents: []
  m_SourcePrefab: {fileID: 100100000, guid: 7f160c4e78c37dc44aec02aaa7aab321, type: 3}
--- !u!4 &8507528412344023088 stripped
Transform:
  m_CorrespondingSourceObject: {fileID: 3333659074766573024, guid: 7f160c4e78c37dc44aec02aaa7aab321,
    type: 3}
  m_PrefabInstance: {fileID: 6364528830890571216}
  m_PrefabAsset: {fileID: 0}
--- !u!114 &8507528412344023503 stripped
MonoBehaviour:
  m_CorrespondingSourceObject: {fileID: 3333659074766572575, guid: 7f160c4e78c37dc44aec02aaa7aab321,
    type: 3}
  m_PrefabInstance: {fileID: 6364528830890571216}
  m_PrefabAsset: {fileID: 0}
  m_GameObject: {fileID: 0}
  m_Enabled: 1
  m_EditorHideFlags: 0
  m_Script: {fileID: 11500000, guid: 1753348002b07884f8e24f7c59cbdd65, type: 3}
  m_Name: 
  m_EditorClassIdentifier: 
--- !u!1001 &7075741164568258080
PrefabInstance:
  m_ObjectHideFlags: 0
  serializedVersion: 2
  m_Modification:
    m_TransformParent: {fileID: 8806136672803879954}
    m_Modifications:
    - target: {fileID: 3333659074766572575, guid: 7f160c4e78c37dc44aec02aaa7aab321,
        type: 3}
      propertyPath: _colorId
      value: 2
      objectReference: {fileID: 0}
    - target: {fileID: 3333659074766573024, guid: 7f160c4e78c37dc44aec02aaa7aab321,
        type: 3}
      propertyPath: m_LocalPosition.x
      value: 4.6000004
      objectReference: {fileID: 0}
    - target: {fileID: 3333659074766573024, guid: 7f160c4e78c37dc44aec02aaa7aab321,
        type: 3}
      propertyPath: m_LocalPosition.y
      value: 5
      objectReference: {fileID: 0}
    - target: {fileID: 3333659074766573024, guid: 7f160c4e78c37dc44aec02aaa7aab321,
        type: 3}
      propertyPath: m_LocalPosition.z
      value: 16.8
      objectReference: {fileID: 0}
    - target: {fileID: 3333659074766573024, guid: 7f160c4e78c37dc44aec02aaa7aab321,
        type: 3}
      propertyPath: m_LocalRotation.x
      value: -0
      objectReference: {fileID: 0}
    - target: {fileID: 3333659074766573024, guid: 7f160c4e78c37dc44aec02aaa7aab321,
        type: 3}
      propertyPath: m_LocalRotation.y
      value: -0
      objectReference: {fileID: 0}
    - target: {fileID: 3333659074766573024, guid: 7f160c4e78c37dc44aec02aaa7aab321,
        type: 3}
      propertyPath: m_LocalRotation.z
      value: -0
      objectReference: {fileID: 0}
    - target: {fileID: 3333659074766573024, guid: 7f160c4e78c37dc44aec02aaa7aab321,
        type: 3}
      propertyPath: m_LocalRotation.w
      value: 1
      objectReference: {fileID: 0}
    - target: {fileID: 3333659074766573024, guid: 7f160c4e78c37dc44aec02aaa7aab321,
        type: 3}
      propertyPath: m_RootOrder
      value: 5
      objectReference: {fileID: 0}
    - target: {fileID: 3333659074766573024, guid: 7f160c4e78c37dc44aec02aaa7aab321,
        type: 3}
      propertyPath: m_LocalEulerAnglesHint.x
      value: 0
      objectReference: {fileID: 0}
    - target: {fileID: 3333659074766573024, guid: 7f160c4e78c37dc44aec02aaa7aab321,
        type: 3}
      propertyPath: m_LocalEulerAnglesHint.y
      value: 0
      objectReference: {fileID: 0}
    - target: {fileID: 3333659074766573024, guid: 7f160c4e78c37dc44aec02aaa7aab321,
        type: 3}
      propertyPath: m_LocalEulerAnglesHint.z
      value: 0
      objectReference: {fileID: 0}
    - target: {fileID: 3333659074766573025, guid: 7f160c4e78c37dc44aec02aaa7aab321,
        type: 3}
      propertyPath: m_Name
      value: Cube (11)
      objectReference: {fileID: 0}
    m_RemovedComponents: []
  m_SourcePrefab: {fileID: 100100000, guid: 7f160c4e78c37dc44aec02aaa7aab321, type: 3}
--- !u!4 &5508355745534127040 stripped
Transform:
  m_CorrespondingSourceObject: {fileID: 3333659074766573024, guid: 7f160c4e78c37dc44aec02aaa7aab321,
    type: 3}
  m_PrefabInstance: {fileID: 7075741164568258080}
  m_PrefabAsset: {fileID: 0}
--- !u!114 &5508355745534126655 stripped
MonoBehaviour:
  m_CorrespondingSourceObject: {fileID: 3333659074766572575, guid: 7f160c4e78c37dc44aec02aaa7aab321,
    type: 3}
  m_PrefabInstance: {fileID: 7075741164568258080}
  m_PrefabAsset: {fileID: 0}
  m_GameObject: {fileID: 0}
  m_Enabled: 1
  m_EditorHideFlags: 0
  m_Script: {fileID: 11500000, guid: 1753348002b07884f8e24f7c59cbdd65, type: 3}
  m_Name: 
  m_EditorClassIdentifier: 
--- !u!1001 &7466802700131129369
PrefabInstance:
  m_ObjectHideFlags: 0
  serializedVersion: 2
  m_Modification:
    m_TransformParent: {fileID: 8806136672803879954}
    m_Modifications:
    - target: {fileID: 3333659074766572575, guid: 7f160c4e78c37dc44aec02aaa7aab321,
        type: 3}
      propertyPath: _colorId
      value: 4
      objectReference: {fileID: 0}
    - target: {fileID: 3333659074766573024, guid: 7f160c4e78c37dc44aec02aaa7aab321,
        type: 3}
      propertyPath: m_LocalPosition.x
      value: 4.6000004
      objectReference: {fileID: 0}
    - target: {fileID: 3333659074766573024, guid: 7f160c4e78c37dc44aec02aaa7aab321,
        type: 3}
      propertyPath: m_LocalPosition.y
      value: 5
      objectReference: {fileID: 0}
    - target: {fileID: 3333659074766573024, guid: 7f160c4e78c37dc44aec02aaa7aab321,
        type: 3}
      propertyPath: m_LocalPosition.z
      value: 16.8
      objectReference: {fileID: 0}
    - target: {fileID: 3333659074766573024, guid: 7f160c4e78c37dc44aec02aaa7aab321,
        type: 3}
      propertyPath: m_LocalRotation.x
      value: -0
      objectReference: {fileID: 0}
    - target: {fileID: 3333659074766573024, guid: 7f160c4e78c37dc44aec02aaa7aab321,
        type: 3}
      propertyPath: m_LocalRotation.y
      value: -0
      objectReference: {fileID: 0}
    - target: {fileID: 3333659074766573024, guid: 7f160c4e78c37dc44aec02aaa7aab321,
        type: 3}
      propertyPath: m_LocalRotation.z
      value: -0
      objectReference: {fileID: 0}
    - target: {fileID: 3333659074766573024, guid: 7f160c4e78c37dc44aec02aaa7aab321,
        type: 3}
      propertyPath: m_LocalRotation.w
      value: 1
      objectReference: {fileID: 0}
    - target: {fileID: 3333659074766573024, guid: 7f160c4e78c37dc44aec02aaa7aab321,
        type: 3}
      propertyPath: m_RootOrder
      value: 3
      objectReference: {fileID: 0}
    - target: {fileID: 3333659074766573024, guid: 7f160c4e78c37dc44aec02aaa7aab321,
        type: 3}
      propertyPath: m_LocalEulerAnglesHint.x
      value: 0
      objectReference: {fileID: 0}
    - target: {fileID: 3333659074766573024, guid: 7f160c4e78c37dc44aec02aaa7aab321,
        type: 3}
      propertyPath: m_LocalEulerAnglesHint.y
      value: 0
      objectReference: {fileID: 0}
    - target: {fileID: 3333659074766573024, guid: 7f160c4e78c37dc44aec02aaa7aab321,
        type: 3}
      propertyPath: m_LocalEulerAnglesHint.z
      value: 0
      objectReference: {fileID: 0}
    - target: {fileID: 3333659074766573025, guid: 7f160c4e78c37dc44aec02aaa7aab321,
        type: 3}
      propertyPath: m_Name
      value: Cube (9)
      objectReference: {fileID: 0}
    m_RemovedComponents: []
  m_SourcePrefab: {fileID: 100100000, guid: 7f160c4e78c37dc44aec02aaa7aab321, type: 3}
--- !u!4 &5322375402252293625 stripped
Transform:
  m_CorrespondingSourceObject: {fileID: 3333659074766573024, guid: 7f160c4e78c37dc44aec02aaa7aab321,
    type: 3}
  m_PrefabInstance: {fileID: 7466802700131129369}
  m_PrefabAsset: {fileID: 0}
--- !u!114 &5322375402252293126 stripped
MonoBehaviour:
  m_CorrespondingSourceObject: {fileID: 3333659074766572575, guid: 7f160c4e78c37dc44aec02aaa7aab321,
    type: 3}
  m_PrefabInstance: {fileID: 7466802700131129369}
  m_PrefabAsset: {fileID: 0}
  m_GameObject: {fileID: 0}
  m_Enabled: 1
  m_EditorHideFlags: 0
  m_Script: {fileID: 11500000, guid: 1753348002b07884f8e24f7c59cbdd65, type: 3}
  m_Name: 
  m_EditorClassIdentifier: 
--- !u!1001 &8013239491190142006
PrefabInstance:
  m_ObjectHideFlags: 0
  serializedVersion: 2
  m_Modification:
    m_TransformParent: {fileID: 8806136673344961856}
    m_Modifications:
    - target: {fileID: 5203091074161772808, guid: 4eb5334f683d0714db7bc3ee890336a9,
        type: 3}
      propertyPath: m_LocalPosition.x
      value: -5.39
      objectReference: {fileID: 0}
    - target: {fileID: 5203091074161772808, guid: 4eb5334f683d0714db7bc3ee890336a9,
        type: 3}
      propertyPath: m_LocalPosition.y
      value: 3.29
      objectReference: {fileID: 0}
    - target: {fileID: 5203091074161772808, guid: 4eb5334f683d0714db7bc3ee890336a9,
        type: 3}
      propertyPath: m_LocalPosition.z
      value: 0
      objectReference: {fileID: 0}
    - target: {fileID: 5203091074161772808, guid: 4eb5334f683d0714db7bc3ee890336a9,
        type: 3}
      propertyPath: m_LocalRotation.x
      value: -0
      objectReference: {fileID: 0}
    - target: {fileID: 5203091074161772808, guid: 4eb5334f683d0714db7bc3ee890336a9,
        type: 3}
      propertyPath: m_LocalRotation.y
      value: -0
      objectReference: {fileID: 0}
    - target: {fileID: 5203091074161772808, guid: 4eb5334f683d0714db7bc3ee890336a9,
        type: 3}
      propertyPath: m_LocalRotation.z
      value: -0
      objectReference: {fileID: 0}
    - target: {fileID: 5203091074161772808, guid: 4eb5334f683d0714db7bc3ee890336a9,
        type: 3}
      propertyPath: m_LocalRotation.w
      value: 1
      objectReference: {fileID: 0}
    - target: {fileID: 5203091074161772808, guid: 4eb5334f683d0714db7bc3ee890336a9,
        type: 3}
      propertyPath: m_RootOrder
      value: 1
      objectReference: {fileID: 0}
    - target: {fileID: 5203091074161772808, guid: 4eb5334f683d0714db7bc3ee890336a9,
        type: 3}
      propertyPath: m_LocalEulerAnglesHint.x
      value: 0
      objectReference: {fileID: 0}
    - target: {fileID: 5203091074161772808, guid: 4eb5334f683d0714db7bc3ee890336a9,
        type: 3}
      propertyPath: m_LocalEulerAnglesHint.y
      value: 0
      objectReference: {fileID: 0}
    - target: {fileID: 5203091074161772808, guid: 4eb5334f683d0714db7bc3ee890336a9,
        type: 3}
      propertyPath: m_LocalEulerAnglesHint.z
      value: 0
      objectReference: {fileID: 0}
    - target: {fileID: 5203091074161772811, guid: 4eb5334f683d0714db7bc3ee890336a9,
        type: 3}
      propertyPath: m_Name
      value: WeightItemStack (3)
      objectReference: {fileID: 0}
    - target: {fileID: 5203091074161772814, guid: 4eb5334f683d0714db7bc3ee890336a9,
        type: 3}
      propertyPath: WeightCubes.Array.size
      value: 0
      objectReference: {fileID: 0}
    - target: {fileID: 5203091074161772814, guid: 4eb5334f683d0714db7bc3ee890336a9,
        type: 3}
      propertyPath: WeightCubes.Array.data[0]
      value: 
      objectReference: {fileID: 0}
    - target: {fileID: 5203091074161772814, guid: 4eb5334f683d0714db7bc3ee890336a9,
        type: 3}
      propertyPath: WeightCubes.Array.data[1]
      value: 
      objectReference: {fileID: 0}
    m_RemovedComponents: []
  m_SourcePrefab: {fileID: 100100000, guid: 4eb5334f683d0714db7bc3ee890336a9, type: 3}
--- !u!4 &2810713596117269822 stripped
Transform:
  m_CorrespondingSourceObject: {fileID: 5203091074161772808, guid: 4eb5334f683d0714db7bc3ee890336a9,
    type: 3}
  m_PrefabInstance: {fileID: 8013239491190142006}
  m_PrefabAsset: {fileID: 0}
--- !u!1001 &8336878129160062222
PrefabInstance:
  m_ObjectHideFlags: 0
  serializedVersion: 2
  m_Modification:
    m_TransformParent: {fileID: 8806136673344961856}
    m_Modifications:
    - target: {fileID: 5203091074161772808, guid: 4eb5334f683d0714db7bc3ee890336a9,
        type: 3}
      propertyPath: m_LocalPosition.x
      value: 3.88
      objectReference: {fileID: 0}
    - target: {fileID: 5203091074161772808, guid: 4eb5334f683d0714db7bc3ee890336a9,
        type: 3}
      propertyPath: m_LocalPosition.y
      value: 3.29
      objectReference: {fileID: 0}
    - target: {fileID: 5203091074161772808, guid: 4eb5334f683d0714db7bc3ee890336a9,
        type: 3}
      propertyPath: m_LocalPosition.z
      value: 0
      objectReference: {fileID: 0}
    - target: {fileID: 5203091074161772808, guid: 4eb5334f683d0714db7bc3ee890336a9,
        type: 3}
      propertyPath: m_LocalRotation.x
      value: -0
      objectReference: {fileID: 0}
    - target: {fileID: 5203091074161772808, guid: 4eb5334f683d0714db7bc3ee890336a9,
        type: 3}
      propertyPath: m_LocalRotation.y
      value: -0
      objectReference: {fileID: 0}
    - target: {fileID: 5203091074161772808, guid: 4eb5334f683d0714db7bc3ee890336a9,
        type: 3}
      propertyPath: m_LocalRotation.z
      value: -0
      objectReference: {fileID: 0}
    - target: {fileID: 5203091074161772808, guid: 4eb5334f683d0714db7bc3ee890336a9,
        type: 3}
      propertyPath: m_LocalRotation.w
      value: 1
      objectReference: {fileID: 0}
    - target: {fileID: 5203091074161772808, guid: 4eb5334f683d0714db7bc3ee890336a9,
        type: 3}
      propertyPath: m_RootOrder
      value: 0
      objectReference: {fileID: 0}
    - target: {fileID: 5203091074161772808, guid: 4eb5334f683d0714db7bc3ee890336a9,
        type: 3}
      propertyPath: m_LocalEulerAnglesHint.x
      value: 0
      objectReference: {fileID: 0}
    - target: {fileID: 5203091074161772808, guid: 4eb5334f683d0714db7bc3ee890336a9,
        type: 3}
      propertyPath: m_LocalEulerAnglesHint.y
      value: 0
      objectReference: {fileID: 0}
    - target: {fileID: 5203091074161772808, guid: 4eb5334f683d0714db7bc3ee890336a9,
        type: 3}
      propertyPath: m_LocalEulerAnglesHint.z
      value: 0
      objectReference: {fileID: 0}
    - target: {fileID: 5203091074161772811, guid: 4eb5334f683d0714db7bc3ee890336a9,
        type: 3}
      propertyPath: m_Name
      value: WeightItemStack (2)
      objectReference: {fileID: 0}
    - target: {fileID: 5203091074161772814, guid: 4eb5334f683d0714db7bc3ee890336a9,
        type: 3}
      propertyPath: WeightCubes.Array.size
      value: 3
      objectReference: {fileID: 0}
    - target: {fileID: 5203091074161772814, guid: 4eb5334f683d0714db7bc3ee890336a9,
        type: 3}
      propertyPath: WeightCubes.Array.data[0]
      value: 
      objectReference: {fileID: 8507528412344023503}
    - target: {fileID: 5203091074161772814, guid: 4eb5334f683d0714db7bc3ee890336a9,
        type: 3}
      propertyPath: WeightCubes.Array.data[1]
      value: 
      objectReference: {fileID: 4111324949514867267}
    - target: {fileID: 5203091074161772814, guid: 4eb5334f683d0714db7bc3ee890336a9,
        type: 3}
      propertyPath: _rotateAmount.z
      value: -1
      objectReference: {fileID: 0}
    - target: {fileID: 5203091074161772814, guid: 4eb5334f683d0714db7bc3ee890336a9,
        type: 3}
      propertyPath: WeightCubes.Array.data[2]
      value: 
      objectReference: {fileID: 1898254253550738341}
    m_RemovedComponents: []
  m_SourcePrefab: {fileID: 100100000, guid: 4eb5334f683d0714db7bc3ee890336a9, type: 3}
--- !u!4 &4289570614448229382 stripped
Transform:
  m_CorrespondingSourceObject: {fileID: 5203091074161772808, guid: 4eb5334f683d0714db7bc3ee890336a9,
    type: 3}
  m_PrefabInstance: {fileID: 8336878129160062222}
  m_PrefabAsset: {fileID: 0}
