%YAML 1.1
%TAG !u! tag:unity3d.com,2011:
--- !u!114 &5346810471423952447
MonoBehaviour:
  m_ObjectHideFlags: 0
  m_CorrespondingSourceObject: {fileID: 0}
  m_PrefabInstance: {fileID: 0}
  m_PrefabAsset: {fileID: 0}
  m_GameObject: {fileID: 3868660482871752406}
  m_Enabled: 1
  m_EditorHideFlags: 0
  m_Script: {fileID: 11500000, guid: dde618586f17857428325e0c2373ff1d, type: 3}
  m_Name: 
  m_EditorClassIdentifier: 
  _offsetY: 4
  _duration: 0.5
--- !u!1 &3930034261051719589
GameObject:
  m_ObjectHideFlags: 0
  m_CorrespondingSourceObject: {fileID: 0}
  m_PrefabInstance: {fileID: 0}
  m_PrefabAsset: {fileID: 0}
  serializedVersion: 6
  m_Component:
  - component: {fileID: 2803363835347964838}
  m_Layer: 0
  m_Name: tutorialPointer
  m_TagString: Untagged
  m_Icon: {fileID: 0}
  m_NavMeshLayer: 0
  m_StaticEditorFlags: 0
  m_IsActive: 0
--- !u!4 &2803363835347964838
Transform:
  m_ObjectHideFlags: 0
  m_CorrespondingSourceObject: {fileID: 0}
  m_PrefabInstance: {fileID: 0}
  m_PrefabAsset: {fileID: 0}
  m_GameObject: {fileID: 3930034261051719589}
  m_LocalRotation: {x: 0, y: 0, z: 0, w: 1}
  m_LocalPosition: {x: 0, y: 0, z: 0}
  m_LocalScale: {x: 1, y: 1, z: 1}
  m_Children:
  - {fileID: 760459258447416530}
  - {fileID: 4538483398265089132}
  m_Father: {fileID: 5203091074161772808}
  m_RootOrder: 2
  m_LocalEulerAnglesHint: {x: 0, y: 0, z: 0}
--- !u!1 &5203091073380161639
GameObject:
  m_ObjectHideFlags: 0
  m_CorrespondingSourceObject: {fileID: 0}
  m_PrefabInstance: {fileID: 0}
  m_PrefabAsset: {fileID: 0}
  serializedVersion: 6
  m_Component:
  - component: {fileID: 5203091073380161636}
  m_Layer: 0
  m_Name: nextTopPoint
  m_TagString: Untagged
  m_Icon: {fileID: 3443629218296621865, guid: 0000000000000000d000000000000000, type: 0}
  m_NavMeshLayer: 0
  m_StaticEditorFlags: 0
  m_IsActive: 1
--- !u!4 &5203091073380161636
Transform:
  m_ObjectHideFlags: 0
  m_CorrespondingSourceObject: {fileID: 0}
  m_PrefabInstance: {fileID: 0}
  m_PrefabAsset: {fileID: 0}
  m_GameObject: {fileID: 5203091073380161639}
  m_LocalRotation: {x: -0, y: -0, z: -0, w: 1}
  m_LocalPosition: {x: 0, y: 0, z: 0}
  m_LocalScale: {x: 1, y: 1, z: 1}
  m_Children: []
  m_Father: {fileID: 5203091074161772808}
  m_RootOrder: 1
  m_LocalEulerAnglesHint: {x: 0, y: 0, z: 0}
--- !u!1 &5203091074161772811
GameObject:
  m_ObjectHideFlags: 0
  m_CorrespondingSourceObject: {fileID: 0}
  m_PrefabInstance: {fileID: 0}
  m_PrefabAsset: {fileID: 0}
  serializedVersion: 6
  m_Component:
  - component: {fileID: 5203091074161772808}
  - component: {fileID: 5203091074161772814}
  - component: {fileID: 5203091074161772809}
  m_Layer: 0
  m_Name: WeightItemStack
  m_TagString: Untagged
  m_Icon: {fileID: 7174288486110832750, guid: 0000000000000000d000000000000000, type: 0}
  m_NavMeshLayer: 0
  m_StaticEditorFlags: 0
  m_IsActive: 1
--- !u!4 &5203091074161772808
Transform:
  m_ObjectHideFlags: 0
  m_CorrespondingSourceObject: {fileID: 0}
  m_PrefabInstance: {fileID: 0}
  m_PrefabAsset: {fileID: 0}
  m_GameObject: {fileID: 5203091074161772811}
  m_LocalRotation: {x: -0, y: -0, z: -0, w: 1}
  m_LocalPosition: {x: -6.1, y: 3.29, z: 0}
  m_LocalScale: {x: 1, y: 1, z: 1}
  m_Children:
  - {fileID: 5203091074343821070}
  - {fileID: 5203091073380161636}
  - {fileID: 2803363835347964838}
  m_Father: {fileID: 0}
  m_RootOrder: 0
  m_LocalEulerAnglesHint: {x: 0, y: 0, z: 0}
--- !u!114 &5203091074161772814
MonoBehaviour:
  m_ObjectHideFlags: 0
  m_CorrespondingSourceObject: {fileID: 0}
  m_PrefabInstance: {fileID: 0}
  m_PrefabAsset: {fileID: 0}
  m_GameObject: {fileID: 5203091074161772811}
  m_Enabled: 1
  m_EditorHideFlags: 0
  m_Script: {fileID: 11500000, guid: 9b8d8d942dd8d6440abf0106c5f2a71a, type: 3}
  m_Name: 
  m_EditorClassIdentifier: 
  WeightCubes: []
  _rotateAmount: {x: 0, y: 0, z: -0.5}
  _nextTopPoint: {fileID: 5203091073380161636}
  _tutorialPointer: {fileID: 3930034261051719589}
--- !u!65 &5203091074161772809
BoxCollider:
  m_ObjectHideFlags: 0
  m_CorrespondingSourceObject: {fileID: 0}
  m_PrefabInstance: {fileID: 0}
  m_PrefabAsset: {fileID: 0}
  m_GameObject: {fileID: 5203091074161772811}
  m_Material: {fileID: 0}
  m_IsTrigger: 1
  m_Enabled: 1
  serializedVersion: 2
  m_Size: {x: 9.1, y: 17.79747, z: 33.97}
  m_Center: {x: 0, y: -8.398735, z: 0}
--- !u!1 &5203091074343821065
GameObject:
  m_ObjectHideFlags: 0
  m_CorrespondingSourceObject: {fileID: 0}
  m_PrefabInstance: {fileID: 0}
  m_PrefabAsset: {fileID: 0}
  serializedVersion: 6
  m_Component:
  - component: {fileID: 5203091074343821070}
  - component: {fileID: 5203091074343821071}
  m_Layer: 0
  m_Name: dot 1
  m_TagString: Untagged
  m_Icon: {fileID: 0}
  m_NavMeshLayer: 0
  m_StaticEditorFlags: 0
  m_IsActive: 1
--- !u!4 &5203091074343821070
Transform:
  m_ObjectHideFlags: 0
  m_CorrespondingSourceObject: {fileID: 0}
  m_PrefabInstance: {fileID: 0}
  m_PrefabAsset: {fileID: 0}
  m_GameObject: {fileID: 5203091074343821065}
  m_LocalRotation: {x: 0.7071068, y: -0, z: -0, w: 0.7071068}
  m_LocalPosition: {x: 0, y: -0.77, z: 0}
  m_LocalScale: {x: 1.1, y: 1.1, z: 1.1}
  m_Children: []
  m_Father: {fileID: 5203091074161772808}
  m_RootOrder: 0
  m_LocalEulerAnglesHint: {x: 90, y: 0, z: 0}
--- !u!212 &5203091074343821071
SpriteRenderer:
  m_ObjectHideFlags: 0
  m_CorrespondingSourceObject: {fileID: 0}
  m_PrefabInstance: {fileID: 0}
  m_PrefabAsset: {fileID: 0}
  m_GameObject: {fileID: 5203091074343821065}
  m_Enabled: 1
  m_CastShadows: 0
  m_ReceiveShadows: 0
  m_DynamicOccludee: 1
  m_MotionVectors: 1
  m_LightProbeUsage: 1
  m_ReflectionProbeUsage: 1
  m_RayTracingMode: 0
  m_RenderingLayerMask: 1
  m_RendererPriority: 0
  m_Materials:
  - {fileID: 10754, guid: 0000000000000000f000000000000000, type: 0}
  m_StaticBatchInfo:
    firstSubMesh: 0
    subMeshCount: 0
  m_StaticBatchRoot: {fileID: 0}
  m_ProbeAnchor: {fileID: 0}
  m_LightProbeVolumeOverride: {fileID: 0}
  m_ScaleInLightmap: 1
  m_ReceiveGI: 1
  m_PreserveUVs: 0
  m_IgnoreNormalsForChartDetection: 0
  m_ImportantGI: 0
  m_StitchLightmapSeams: 1
  m_SelectedEditorRenderState: 0
  m_MinimumChartSize: 4
  m_AutoUVMaxDistance: 0.5
  m_AutoUVMaxAngle: 89
  m_LightmapParameters: {fileID: 0}
  m_SortingLayerID: 0
  m_SortingLayer: 0
  m_SortingOrder: 0
  m_Sprite: {fileID: 21300000, guid: 9c6e6dfbcf7d32a47bc514350032e050, type: 3}
  m_Color: {r: 1, g: 1, b: 1, a: 1}
  m_FlipX: 0
  m_FlipY: 0
  m_DrawMode: 0
  m_Size: {x: 5.12, y: 5.12}
  m_AdaptiveModeThreshold: 0.5
  m_SpriteTileMode: 0
  m_WasSpriteAssigned: 1
  m_MaskInteraction: 0
  m_SpriteSortPoint: 0
--- !u!1001 &760459258447534712
PrefabInstance:
  m_ObjectHideFlags: 0
  serializedVersion: 2
  m_Modification:
    m_TransformParent: {fileID: 2803363835347964838}
    m_Modifications:
    - target: {fileID: 181232, guid: b9cf594d1d8302e4a884738a176ead3a, type: 3}
      propertyPath: m_Name
      value: MagicAuraYellow
      objectReference: {fileID: 0}
    - target: {fileID: 181232, guid: b9cf594d1d8302e4a884738a176ead3a, type: 3}
      propertyPath: m_IsActive
      value: 1
      objectReference: {fileID: 0}
    - target: {fileID: 415402, guid: b9cf594d1d8302e4a884738a176ead3a, type: 3}
      propertyPath: m_LocalPosition.x
      value: 0
      objectReference: {fileID: 0}
    - target: {fileID: 415402, guid: b9cf594d1d8302e4a884738a176ead3a, type: 3}
      propertyPath: m_LocalPosition.y
      value: 0
      objectReference: {fileID: 0}
    - target: {fileID: 415402, guid: b9cf594d1d8302e4a884738a176ead3a, type: 3}
      propertyPath: m_LocalPosition.z
      value: 0
      objectReference: {fileID: 0}
    - target: {fileID: 415402, guid: b9cf594d1d8302e4a884738a176ead3a, type: 3}
      propertyPath: m_LocalRotation.x
      value: -0.7071068
      objectReference: {fileID: 0}
    - target: {fileID: 415402, guid: b9cf594d1d8302e4a884738a176ead3a, type: 3}
      propertyPath: m_LocalRotation.y
      value: -0
      objectReference: {fileID: 0}
    - target: {fileID: 415402, guid: b9cf594d1d8302e4a884738a176ead3a, type: 3}
      propertyPath: m_LocalRotation.z
      value: -0
      objectReference: {fileID: 0}
    - target: {fileID: 415402, guid: b9cf594d1d8302e4a884738a176ead3a, type: 3}
      propertyPath: m_LocalRotation.w
      value: 0.7071068
      objectReference: {fileID: 0}
    - target: {fileID: 415402, guid: b9cf594d1d8302e4a884738a176ead3a, type: 3}
      propertyPath: m_RootOrder
      value: 0
      objectReference: {fileID: 0}
    - target: {fileID: 415402, guid: b9cf594d1d8302e4a884738a176ead3a, type: 3}
      propertyPath: m_LocalEulerAnglesHint.x
      value: -90
      objectReference: {fileID: 0}
    - target: {fileID: 415402, guid: b9cf594d1d8302e4a884738a176ead3a, type: 3}
      propertyPath: m_LocalEulerAnglesHint.y
      value: 0
      objectReference: {fileID: 0}
    - target: {fileID: 415402, guid: b9cf594d1d8302e4a884738a176ead3a, type: 3}
      propertyPath: m_LocalEulerAnglesHint.z
      value: 0
      objectReference: {fileID: 0}
    - target: {fileID: 415402, guid: b9cf594d1d8302e4a884738a176ead3a, type: 3}
      propertyPath: m_LocalScale.x
      value: 2.3479357
      objectReference: {fileID: 0}
    - target: {fileID: 415402, guid: b9cf594d1d8302e4a884738a176ead3a, type: 3}
      propertyPath: m_LocalScale.y
      value: 2.3479357
      objectReference: {fileID: 0}
    - target: {fileID: 415402, guid: b9cf594d1d8302e4a884738a176ead3a, type: 3}
      propertyPath: m_LocalScale.z
      value: 2.3479357
      objectReference: {fileID: 0}
    m_RemovedComponents: []
  m_SourcePrefab: {fileID: 100100000, guid: b9cf594d1d8302e4a884738a176ead3a, type: 3}
--- !u!4 &760459258447416530 stripped
Transform:
  m_CorrespondingSourceObject: {fileID: 415402, guid: b9cf594d1d8302e4a884738a176ead3a,
    type: 3}
  m_PrefabInstance: {fileID: 760459258447534712}
  m_PrefabAsset: {fileID: 0}
--- !u!1001 &4139186185033763719
PrefabInstance:
  m_ObjectHideFlags: 0
  serializedVersion: 2
  m_Modification:
    m_TransformParent: {fileID: 2803363835347964838}
    m_Modifications:
    - target: {fileID: -8679921383154817045, guid: 26d7cdf8072554e4f83246fdeee63fab,
        type: 3}
      propertyPath: m_LocalPosition.x
      value: 0.63
      objectReference: {fileID: 0}
    - target: {fileID: -8679921383154817045, guid: 26d7cdf8072554e4f83246fdeee63fab,
        type: 3}
      propertyPath: m_LocalPosition.y
      value: 25.59
      objectReference: {fileID: 0}
    - target: {fileID: -8679921383154817045, guid: 26d7cdf8072554e4f83246fdeee63fab,
        type: 3}
      propertyPath: m_LocalPosition.z
      value: 2.45
      objectReference: {fileID: 0}
    - target: {fileID: -8679921383154817045, guid: 26d7cdf8072554e4f83246fdeee63fab,
        type: 3}
      propertyPath: m_LocalRotation.x
      value: -0.7071068
      objectReference: {fileID: 0}
    - target: {fileID: -8679921383154817045, guid: 26d7cdf8072554e4f83246fdeee63fab,
        type: 3}
      propertyPath: m_LocalRotation.y
      value: -0.70710677
      objectReference: {fileID: 0}
    - target: {fileID: -8679921383154817045, guid: 26d7cdf8072554e4f83246fdeee63fab,
        type: 3}
      propertyPath: m_LocalRotation.z
      value: 0
      objectReference: {fileID: 0}
    - target: {fileID: -8679921383154817045, guid: 26d7cdf8072554e4f83246fdeee63fab,
        type: 3}
      propertyPath: m_LocalRotation.w
      value: 0
      objectReference: {fileID: 0}
    - target: {fileID: -8679921383154817045, guid: 26d7cdf8072554e4f83246fdeee63fab,
        type: 3}
      propertyPath: m_RootOrder
      value: 1
      objectReference: {fileID: 0}
    - target: {fileID: -8679921383154817045, guid: 26d7cdf8072554e4f83246fdeee63fab,
        type: 3}
      propertyPath: m_LocalEulerAnglesHint.x
      value: 0
      objectReference: {fileID: 0}
    - target: {fileID: -8679921383154817045, guid: 26d7cdf8072554e4f83246fdeee63fab,
        type: 3}
      propertyPath: m_LocalEulerAnglesHint.y
      value: -180
      objectReference: {fileID: 0}
    - target: {fileID: -8679921383154817045, guid: 26d7cdf8072554e4f83246fdeee63fab,
        type: 3}
      propertyPath: m_LocalEulerAnglesHint.z
      value: 90.00001
      objectReference: {fileID: 0}
    - target: {fileID: -8679921383154817045, guid: 26d7cdf8072554e4f83246fdeee63fab,
        type: 3}
      propertyPath: m_LocalScale.z
      value: 30.871052
      objectReference: {fileID: 0}
    - target: {fileID: -8679921383154817045, guid: 26d7cdf8072554e4f83246fdeee63fab,
        type: 3}
      propertyPath: m_LocalScale.x
      value: 4.9823685
      objectReference: {fileID: 0}
    - target: {fileID: -8679921383154817045, guid: 26d7cdf8072554e4f83246fdeee63fab,
        type: 3}
      propertyPath: m_LocalScale.y
      value: 10.713388
      objectReference: {fileID: 0}
    - target: {fileID: -7511558181221131132, guid: 26d7cdf8072554e4f83246fdeee63fab,
        type: 3}
      propertyPath: m_Materials.Array.data[0]
      value: 
      objectReference: {fileID: 2100000, guid: fd771b6ca7e56bc44a0c7b1b7ba8d6c3, type: 2}
    - target: {fileID: 919132149155446097, guid: 26d7cdf8072554e4f83246fdeee63fab,
        type: 3}
      propertyPath: m_Name
      value: Arrow
      objectReference: {fileID: 0}
    m_RemovedComponents: []
  m_SourcePrefab: {fileID: 100100000, guid: 26d7cdf8072554e4f83246fdeee63fab, type: 3}
--- !u!1 &3868660482871752406 stripped
GameObject:
  m_CorrespondingSourceObject: {fileID: 919132149155446097, guid: 26d7cdf8072554e4f83246fdeee63fab,
    type: 3}
  m_PrefabInstance: {fileID: 4139186185033763719}
  m_PrefabAsset: {fileID: 0}
--- !u!4 &4538483398265089132 stripped
Transform:
  m_CorrespondingSourceObject: {fileID: -8679921383154817045, guid: 26d7cdf8072554e4f83246fdeee63fab,
    type: 3}
  m_PrefabInstance: {fileID: 4139186185033763719}
  m_PrefabAsset: {fileID: 0}
